ticker,date,tax_effect_of_unusual_items,tax_rate_for_calcs,normalized_ebitda,net_income_from_continuing_operation_net_minority_interest,reconciled_depreciation,reconciled_cost_of_revenue,ebitda,ebit,net_interest_income,interest_expense,interest_income,normalized_income,net_income_from_continuing_and_discontinued_operation,total_expenses,total_operating_income_as_reported,diluted_average_shares,basic_average_shares,diluted_eps,basic_eps,diluted_ni_availto_com_stockholders,net_income_common_stockholders,net_income,net_income_including_noncontrolling_interests,net_income_continuous_operations,tax_provision,pretax_income,other_income_expense,other_non_operating_income_expenses,net_non_operating_interest_income_expense,interest_expense_non_operating,interest_income_non_operating,operating_income,operating_expense,research_and_development,selling_general_and_administration,gross_profit,cost_of_revenue,total_revenue,operating_revenue,total_unusual_items,total_unusual_items_excluding_goodwill,special_income_charges,write_off,gain_on_sale_of_security,selling_and_marketing_expense,general_and_administrative_expense,other_gand_a,other_special_charges,earnings_from_equity_interest,earnings_from_equity_interest_net_of_tax,other_operating_expenses,restructuring_and_mergern_acquisition,rent_expense_supplemental,minority_interests,impairment_of_capital_assets,loss_adjustment_expense,net_policyholder_benefits_and_claims,average_dilution_earnings,otherunder_preferred_stock_dividend,total_other_finance_cost,depreciation_amortization_depletion_income_statement,depreciation_and_amortization_in_income_statement,net_income_discontinuous_operations,salaries_and_wages,other_taxes,preferred_stock_dividends,gain_on_sale_of_business,gain_on_sale_of_ppe,amortization,amortization_of_intangibles_income_statement,depreciation_income_statement,excise_taxes,occupancy_and_equipment,professional_expense_and_contract_services_expense,other_non_interest_expense,provision_for_doubtful_accounts,rent_and_landing_fees,insurance_and_claims,policyholder_benefits_gross
AAPL,2023-09-30,0.0,0.147,129188000000.0,96995000000.0,11519000000.0,214137000000.0,129188000000.0,117669000000.0,-183000000.0,3933000000.0,3750000000.0,96995000000.0,96995000000.0,268984000000.0,114301000000.0,15812547000.0,15744231000.0,6.13,6.16,96995000000.0,96995000000.0,96995000000.0,96995000000.0,96995000000.0,16741000000.0,113736000000.0,-382000000.0,-382000000.0,-183000000.0,3933000000.0,3750000000.0,114301000000.0,54847000000.0,29915000000.0,24932000000.0,169148000000.0,214137000000.0,383285000000.0,383285000000.0,,,,,,,,,,,,,,,,,,,,,,,,,,,,,,,,,,,,,,,,
AAPL,2022-09-30,0.0,0.162,133138000000.0,99803000000.0,11104000000.0,223546000000.0,133138000000.0,122034000000.0,-106000000.0,2931000000.0,2825000000.0,99803000000.0,99803000000.0,274891000000.0,119437000000.0,16325819000.0,16215963000.0,6.11,6.15,99803000000.0,99803000000.0,99803000000.0,99803000000.0,99803000000.0,19300000000.0,119103000000.0,-228000000.0,-228000000.0,-106000000.0,2931000000.0,2825000000.0,119437000000.0,51345000000.0,26251000000.0,25094000000.0,170782000000.0,223546000000.0,394328000000.0,394328000000.0,,,,,,,,,,,,,,,,,,,,,,,,,,,,,,,,,,,,,,,,
AAPL,2021-09-30,0.0,0.133,123136000000.0,94680000000.0,11284000000.0,212981000000.0,123136000000.0,111852000000.0,198000000.0,2645000000.0,2843000000.0,94680000000.0,94680000000.0,256868000000.0,108949000000.0,16864919000.0,16701272000.0,5.61,5.67,94680000000.0,94680000000.0,94680000000.0,94680000000.0,94680000000.0,14527000000.0,109207000000.0,60000000.0,60000000.0,198000000.0,2645000000.0,2843000000.0,108949000000.0,43887000000.0,21914000000.0,21973000000.0,152836000000.0,212981000000.0,365817000000.0,365817000000.0,,,,,,,,,,,,,,,,,,,,,,,,,,,,,,,,,,,,,,,,
AAPL,2020-09-30,0.0,0.144,81020000000.0,57411000000.0,11056000000.0,169559000000.0,81020000000.0,69964000000.0,890000000.0,2873000000.0,3763000000.0,57411000000.0,57411000000.0,208227000000.0,66288000000.0,17528214000.0,17352119000.0,3.28,3.31,57411000000.0,57411000000.0,57411000000.0,57411000000.0,57411000000.0,9680000000.0,67091000000.0,-87000000.0,-87000000.0,890000000.0,2873000000.0,3763000000.0,66288000000.0,38668000000.0,18752000000.0,19916000000.0,104956000000.0,169559000000.0,274515000000.0,274515000000.0,,,,,,,,,,,,,,,,,,,,,,,,,,,,,,,,,,,,,,,,
MSFT,2024-06-30,-99918000.0,0.182,133558000000.0,88136000000.0,22287000000.0,74114000000.0,133009000000.0,110722000000.0,222000000.0,2935000000.0,3157000000.0,88585082000.0,88136000000.0,135689000000.0,109433000000.0,7469000000.0,7431000000.0,11.8,11.86,88136000000.0,88136000000.0,88136000000.0,88136000000.0,88136000000.0,19651000000.0,107787000000.0,-1868000000.0,-1319000000.0,222000000.0,2935000000.0,3157000000.0,109433000000.0,61575000000.0,29510000000.0,32065000000.0,171008000000.0,74114000000.0,245122000000.0,245122000000.0,-549000000.0,-549000000.0,-206000000.0,206000000.0,-343000000.0,24456000000.0,7609000000.0,7609000000.0,,,,,,,,,,,,,,,,,,,,,,,,,,,,,,,,
MSFT,2023-06-30,-2850000.0,0.19,105155000000.0,72361000000.0,13861000000.0,65863000000.0,105140000000.0,91279000000.0,1026000000.0,1968000000.0,2994000000.0,72373150000.0,72361000000.0,123392000000.0,88523000000.0,7472000000.0,7446000000.0,9.68,9.72,72361000000.0,72361000000.0,72361000000.0,72361000000.0,72361000000.0,16950000000.0,89311000000.0,-238000000.0,-223000000.0,1026000000.0,1968000000.0,2994000000.0,88523000000.0,57529000000.0,27195000000.0,30334000000.0,146052000000.0,65863000000.0,211915000000.0,211915000000.0,-15000000.0,-15000000.0,-30000000.0,30000000.0,15000000.0,22759000000.0,7575000000.0,7575000000.0,,,,,,,,,,,,,,,,,,,,,,,,,,,,,,,,
MSFT,2022-06-30,43754000.0,0.131,99905000000.0,72738000000.0,14460000000.0,62650000000.0,100239000000.0,85779000000.0,31000000.0,2063000000.0,2094000000.0,72447754000.0,72738000000.0,114887000000.0,83383000000.0,7540000000.0,7496000000.0,9.65,9.7,72738000000.0,72738000000.0,72738000000.0,72738000000.0,72738000000.0,10978000000.0,83716000000.0,302000000.0,-32000000.0,31000000.0,2063000000.0,2094000000.0,83383000000.0,52237000000.0,24512000000.0,27725000000.0,135620000000.0,62650000000.0,198270000000.0,198270000000.0,334000000.0,334000000.0,-101000000.0,101000000.0,435000000.0,21825000000.0,5900000000.0,5900000000.0,,,,,,,,,,,,,,,,,,,,,,,,,,,,,,,,
MSFT,2021-06-30,180160797.164637,0.138266,83831000000.0,61271000000.0,11686000000.0,52232000000.0,85134000000.0,73448000000.0,-215000000.0,2346000000.0,2131000000.0,60148160797.164635,61271000000.0,98172000000.0,69916000000.0,7608000000.0,7547000000.0,8.05,8.12,61271000000.0,61271000000.0,61271000000.0,61271000000.0,61271000000.0,9831000000.0,71102000000.0,1401000000.0,98000000.0,-215000000.0,2346000000.0,2131000000.0,69916000000.0,45940000000.0,20716000000.0,25224000000.0,115856000000.0,52232000000.0,168088000000.0,168088000000.0,1303000000.0,1303000000.0,-13000000.0,13000000.0,1316000000.0,20117000000.0,5107000000.0,5107000000.0,,,,,,,,,,,,,,,,,,,,,,,,,,,,,,,,
GOOGL,2023-12-31,-286479000.0,0.139,100032000000.0,73795000000.0,11946000000.0,133332000000.0,97971000000.0,86025000000.0,3557000000.0,308000000.0,3865000000.0,75569521000.0,73795000000.0,223101000000.0,84293000000.0,12722000000.0,12630000000.0,5.8,5.84,73795000000.0,73795000000.0,73795000000.0,73795000000.0,73795000000.0,11922000000.0,85717000000.0,-2133000000.0,556000000.0,3557000000.0,308000000.0,3865000000.0,84293000000.0,89769000000.0,45427000000.0,44342000000.0,174062000000.0,133332000000.0,307394000000.0,307394000000.0,-2061000000.0,-2061000000.0,,,-2061000000.0,27917000000.0,16425000000.0,16425000000.0,,-628000000.0,,,,,,,,,,,,,,,,,,,,,,,,,,,,,,
GOOGL,2022-12-31,-981507000.0,0.159,91333000000.0,59972000000.0,13475000000.0,126203000000.0,85160000000.0,71685000000.0,1817000000.0,357000000.0,2174000000.0,65163493000.0,59972000000.0,207994000000.0,74842000000.0,13159000000.0,13063000000.0,4.56,4.59,59972000000.0,59972000000.0,59972000000.0,59972000000.0,59972000000.0,11356000000.0,71328000000.0,-5331000000.0,1179000000.0,1817000000.0,357000000.0,2174000000.0,74842000000.0,81791000000.0,39500000000.0,42291000000.0,156633000000.0,126203000000.0,282836000000.0,282836000000.0,-6173000000.0,-6173000000.0,,,-6173000000.0,26567000000.0,15724000000.0,15724000000.0,,-337000000.0,,,,,,,,,,,,,,,,,,,,,,,,,,,,,,
GOOGL,2021-12-31,1948860000.0,0.162,91491000000.0,76033000000.0,12441000000.0,110939000000.0,103521000000.0,91080000000.0,1153000000.0,346000000.0,1499000000.0,65951860000.0,76033000000.0,178923000000.0,78714000000.0,13553473900.0,13352993991.0,5.610003,5.694003,76033000000.0,76033000000.0,76033000000.0,76033000000.0,76033000000.0,14701000000.0,90734000000.0,10867000000.0,-1497000000.0,1153000000.0,346000000.0,1499000000.0,78714000000.0,67984000000.0,31562000000.0,36422000000.0,146698000000.0,110939000000.0,257637000000.0,257637000000.0,12030000000.0,12030000000.0,0.0,,12030000000.0,22912000000.0,13510000000.0,13510000000.0,,334000000.0,,,,,,,,,,,,,,,,,,,,,,,,,,,,,,
GOOGL,2020-12-31,970572126.783412,0.162493,55941000000.0,40269000000.0,13697000000.0,84732000000.0,61914000000.0,48217000000.0,1730000000.0,135000000.0,1865000000.0,35266572126.78341,40269000000.0,141303000000.0,41224000000.0,13740553816.0,13616313872.0,2.930501,2.957501,40269000000.0,40269000000.0,40269000000.0,40269000000.0,40269000000.0,7813000000.0,48082000000.0,5128000000.0,-1246000000.0,1730000000.0,135000000.0,1865000000.0,41224000000.0,56571000000.0,27573000000.0,28998000000.0,97795000000.0,84732000000.0,182527000000.0,182527000000.0,5973000000.0,5973000000.0,0.0,,5973000000.0,17946000000.0,11052000000.0,11052000000.0,,401000000.0,,,,,,,,,,,,,,,,,,,,,,,,,,,,,,
GOOGL,2019-12-31,,,,,,,,,,,,,,,,,,,,,,,,,,,,,,,,,,,,,,,,,,-1697000000.0,,,,,,1697000000.0,,,,,,,,,,,,,,,,,,,,,,,,,,,,,,,
AMZN,2023-12-31,211380035.679101,0.189579,88287000000.0,30425000000.0,48663000000.0,480980000000.0,89402000000.0,40739000000.0,-233000000.0,3182000000.0,2949000000.0,29521380035.6791,30425000000.0,537933000000.0,36852000000.0,10492000000.0,10304000000.0,2.9,2.95,30425000000.0,30425000000.0,30425000000.0,30425000000.0,30425000000.0,7120000000.0,37557000000.0,938000000.0,-177000000.0,-233000000.0,3182000000.0,2949000000.0,36852000000.0,56953000000.0,,56186000000.0,93805000000.0,480980000000.0,574785000000.0,574785000000.0,1115000000.0,1115000000.0,,,1115000000.0,44370000000.0,11816000000.0,11816000000.0,,,-12000000.0,767000000.0,,,,,,,,,,,,,,,,,,,,,,,,,,,,
AMZN,2022-12-31,-3415860000.0,0.21,54618000000.0,-2722000000.0,41921000000.0,446343000000.0,38352000000.0,-3569000000.0,-1378000000.0,2367000000.0,989000000.0,10128140000.0,-2722000000.0,501735000000.0,12248000000.0,10189000000.0,10189000000.0,-0.27,-0.27,-2722000000.0,-2722000000.0,-2722000000.0,-2722000000.0,-2722000000.0,-3217000000.0,-5936000000.0,-16806000000.0,-540000000.0,-1378000000.0,2367000000.0,989000000.0,12248000000.0,55392000000.0,,54129000000.0,67640000000.0,446343000000.0,513983000000.0,513983000000.0,-16266000000.0,-16266000000.0,,,-16266000000.0,42238000000.0,11891000000.0,11891000000.0,,,-3000000.0,1263000000.0,,,,,,,,,,,,,,,,,,,,,,,,,,,,
AMZN,2021-12-31,1839997169.143666,0.12558,59741000000.0,33364000000.0,34433000000.0,403507000000.0,74393000000.0,39960000000.0,-1361000000.0,1809000000.0,448000000.0,20551997169.143665,33364000000.0,444943000000.0,24879000000.0,10300000000.0,10120000000.0,3.2405,3.298,33364000000.0,33364000000.0,33364000000.0,33364000000.0,33364000000.0,4791000000.0,38151000000.0,14633000000.0,-19000000.0,-1361000000.0,1809000000.0,448000000.0,24879000000.0,41436000000.0,,41374000000.0,66315000000.0,403507000000.0,469822000000.0,469822000000.0,14652000000.0,14652000000.0,,,14652000000.0,32551000000.0,8823000000.0,8823000000.0,,,4000000.0,62000000.0,,,,,,,,,,,,,,,,,,,,,,,,,,,,
AMZN,2020-12-31,287626230.457441,0.118413,48647000000.0,21331000000.0,25251000000.0,334564000000.0,51076000000.0,25825000000.0,-1092000000.0,1647000000.0,555000000.0,19189626230.45744,21331000000.0,363165000000.0,22899000000.0,10200000000.0,10000000000.0,2.0915,2.132,21331000000.0,21331000000.0,21331000000.0,21331000000.0,21331000000.0,2863000000.0,24178000000.0,2371000000.0,-58000000.0,-1092000000.0,1647000000.0,555000000.0,22899000000.0,28601000000.0,42740000000.0,28676000000.0,51500000000.0,334564000000.0,386064000000.0,386064000000.0,2429000000.0,2429000000.0,,,2429000000.0,22008000000.0,6668000000.0,6668000000.0,,,16000000.0,-75000000.0,,,,,,,,,,,,,,,,,,,,,,,,,,,,
AMZN,2019-12-31,,,,,,,,,,,,,,,,,,,,,,,,,,,,,,,,,,35931000000.0,,,,,,,,,,,,,,,,,,,,,,,,,,,,,,,,,,,,,,,,,,,,,
NVDA,2024-01-31,0.0,0.12,35583000000.0,29760000000.0,1508000000.0,16621000000.0,35583000000.0,34075000000.0,609000000.0,257000000.0,866000000.0,29760000000.0,29760000000.0,27950000000.0,32972000000.0,24940000000.0,24690000000.0,1.193,1.205,29760000000.0,29760000000.0,29760000000.0,29760000000.0,29760000000.0,4058000000.0,33818000000.0,237000000.0,237000000.0,609000000.0,257000000.0,866000000.0,32972000000.0,11329000000.0,8675000000.0,2654000000.0,44301000000.0,16621000000.0,60922000000.0,60922000000.0,0.0,0.0,0.0,,,,,,,,,,0.0,,,,,,,,,,,,,,,,,,,,,,,,,,,
NVDA,2023-01-31,-284130000.0,0.21,7340000000.0,4368000000.0,1544000000.0,11618000000.0,5987000000.0,4443000000.0,5000000.0,262000000.0,267000000.0,5436870000.0,4368000000.0,21397000000.0,4224000000.0,25070000000.0,24870000000.0,0.174,0.176,4368000000.0,4368000000.0,4368000000.0,4368000000.0,4368000000.0,-187000000.0,4181000000.0,-1401000000.0,-48000000.0,5000000.0,262000000.0,267000000.0,5577000000.0,9779000000.0,7339000000.0,2440000000.0,15356000000.0,11618000000.0,26974000000.0,26974000000.0,-1353000000.0,-1353000000.0,-1353000000.0,,,,,,,,,,1353000000.0,,,,,,,,,,,,,,,,,,,,,,,,,,,
NVDA,2022-01-31,0.0,0.019,11351000000.0,9752000000.0,1174000000.0,9439000000.0,11351000000.0,10177000000.0,-207000000.0,236000000.0,29000000.0,9752000000.0,9752000000.0,16873000000.0,10041000000.0,25350000000.0,24960000000.0,0.385,0.391,9752000000.0,9752000000.0,9752000000.0,9752000000.0,9752000000.0,189000000.0,9941000000.0,107000000.0,107000000.0,-207000000.0,236000000.0,29000000.0,10041000000.0,7434000000.0,5268000000.0,2166000000.0,17475000000.0,9439000000.0,26914000000.0,26914000000.0,0.0,0.0,0.0,,,,,,,,,,0.0,,,,,,,,,,,,,,,,,,,,,,,,,,,
NVDA,2021-01-31,0.0,0.017,5691000000.0,4332000000.0,1098000000.0,6279000000.0,5691000000.0,4593000000.0,-127000000.0,184000000.0,57000000.0,4332000000.0,4332000000.0,12143000000.0,4532000000.0,25120000000.0,24680000000.0,0.1725,0.1755,4332000000.0,4332000000.0,4332000000.0,4332000000.0,4332000000.0,77000000.0,4409000000.0,4000000.0,4000000.0,-127000000.0,184000000.0,57000000.0,4532000000.0,5864000000.0,3924000000.0,1940000000.0,10396000000.0,6279000000.0,16675000000.0,16675000000.0,0.0,0.0,0.0,,,,,,,,,,0.0,,,,,,,,,,,,,,,,,,,,,,,,,,,
BRK-B,2023-12-31,0.0,0.192,,96223000000.0,12486000000.0,,,125169000000.0,-5003000000.0,5003000000.0,15561000000.0,96223000000.0,96223000000.0,319171000000.0,,2173318913.0,2173318913.0,44.274689,44.274689,96223000000.0,96223000000.0,96223000000.0,97147000000.0,97147000000.0,23019000000.0,120166000000.0,260587000000.0,,-5003000000.0,5003000000.0,,,,,28642000000.0,,,439337000000.0,439337000000.0,,,,,,22605000000.0,6037000000.0,6037000000.0,,,,88444000000.0,,6037000000.0,-924000000.0,,61216000000.0,61216000000.0,,,,,,,,,,,,,,,,,,,,,,
BRK-B,2022-12-31,0.0,0.279,,-22759000000.0,10899000000.0,,,-26148000000.0,-4352000000.0,4352000000.0,10263000000.0,-22759000000.0,-22759000000.0,264621000000.0,,2203312898.0,2203312898.0,-10.329338,-10.329338,-22759000000.0,-22759000000.0,-22759000000.0,-21998000000.0,-21998000000.0,-8502000000.0,-30500000000.0,211857000000.0,,-4352000000.0,4352000000.0,,,,,25056000000.0,,,234121000000.0,234121000000.0,0.0,0.0,0.0,,,19506000000.0,5550000000.0,5550000000.0,,,,38162000000.0,,5550000000.0,-761000000.0,0.0,62889000000.0,62889000000.0,,,,,,,,,,,,,,,,,,,,,,
BRK-B,2021-12-31,0.0,0.187,,89937000000.0,10718000000.0,,,116033000000.0,-4172000000.0,4172000000.0,7465000000.0,89937000000.0,89937000000.0,242866000000.0,,2265268867.0,2265268867.0,39.702687,39.702687,89937000000.0,89937000000.0,89937000000.0,90949000000.0,90949000000.0,20912000000.0,111861000000.0,193099000000.0,,-4172000000.0,4172000000.0,,,,,23044000000.0,,,354727000000.0,354727000000.0,0.0,0.0,0.0,,,18843000000.0,4201000000.0,4201000000.0,,,,34051000000.0,,4201000000.0,-1012000000.0,0.0,55788000000.0,55788000000.0,,,,,,,,,,,,,,,,,,,,,,
BRK-B,2020-12-31,-2379633000.0,0.223,,42521000000.0,10596000000.0,,,59776000000.0,-4083000000.0,4083000000.0,8092000000.0,50812367000.0,42521000000.0,230632000000.0,,2391702304.0,2391702304.0,17.778676,17.778676,42521000000.0,42521000000.0,42521000000.0,43253000000.0,43253000000.0,12440000000.0,55693000000.0,168543000000.0,,-4083000000.0,4083000000.0,,,,,23329000000.0,,,286325000000.0,286325000000.0,-10671000000.0,-10671000000.0,-10671000000.0,,,19809000000.0,3520000000.0,3520000000.0,,,,29554000000.0,,3520000000.0,-732000000.0,10671000000.0,49763000000.0,49763000000.0,,,,,,,,,,,,,,,,,,,,,,
BRK-B,2019-12-31,,,,,,,,,,,,,,,,,,,,,,,,,,,,,,,,,,,,,,,,-96000000.0,-96000000.0,-96000000.0,,,,,,,,,,,,,96000000.0,,,,,,,,,,,,,,,,,,,,,,,,
META,2023-12-31,-64416000.0,0.176,59418000000.0,39098000000.0,11178000000.0,25959000000.0,59052000000.0,47874000000.0,1043000000.0,446000000.0,1639000000.0,39399584000.0,39098000000.0,88151000000.0,46751000000.0,2629000000.0,2574000000.0,14.87,15.19,39098000000.0,39098000000.0,39098000000.0,39098000000.0,39098000000.0,8330000000.0,47428000000.0,-366000000.0,,1043000000.0,446000000.0,1639000000.0,46751000000.0,62192000000.0,38483000000.0,23709000000.0,108943000000.0,25959000000.0,134902000000.0,133844000000.0,-366000000.0,-366000000.0,,,-366000000.0,12301000000.0,11408000000.0,11408000000.0,,,,,,,,,,,,,150000000.0,,,,,,,,,,,,,,,,,,,
META,2022-12-31,-15795000.0,0.195,37771000000.0,23200000000.0,8686000000.0,25249000000.0,37690000000.0,29004000000.0,-44000000.0,185000000.0,461000000.0,23265205000.0,23200000000.0,87665000000.0,28944000000.0,2702000000.0,2687000000.0,8.59,8.63,23200000000.0,23200000000.0,23200000000.0,23200000000.0,23200000000.0,5619000000.0,28819000000.0,-81000000.0,-320000000.0,-44000000.0,185000000.0,461000000.0,28944000000.0,62416000000.0,35338000000.0,27078000000.0,91360000000.0,25249000000.0,116609000000.0,115801000000.0,-81000000.0,-81000000.0,,,-81000000.0,15262000000.0,11816000000.0,11816000000.0,,,,,,,,,,,,,320000000.0,,,,,,,,,,,,,,,,,,,
META,2021-12-31,-23380000.0,0.167,55414000000.0,39370000000.0,7967000000.0,22649000000.0,55274000000.0,47307000000.0,671000000.0,23000000.0,484000000.0,39486620000.0,39370000000.0,71176000000.0,46753000000.0,2859000000.0,2815000000.0,13.77,13.99,39370000000.0,39370000000.0,39370000000.0,39370000000.0,39370000000.0,7914000000.0,47284000000.0,-140000000.0,210000000.0,671000000.0,23000000.0,484000000.0,46753000000.0,48527000000.0,24655000000.0,23872000000.0,95280000000.0,22649000000.0,117929000000.0,117208000000.0,-140000000.0,-140000000.0,,,-140000000.0,14043000000.0,9829000000.0,9829000000.0,,,,,,,,,,,,,-210000000.0,,,,,,,,,,,,,,,,,,,
META,2020-12-31,-15738000.0,0.122,39662000000.0,29146000000.0,6862000000.0,16692000000.0,39533000000.0,32671000000.0,638000000.0,,672000000.0,29259262000.0,29146000000.0,53294000000.0,32671000000.0,2888000000.0,2851000000.0,10.09,10.22,29146000000.0,29146000000.0,29146000000.0,29146000000.0,29146000000.0,4034000000.0,33180000000.0,-129000000.0,-34000000.0,638000000.0,,672000000.0,32671000000.0,36602000000.0,18447000000.0,18155000000.0,69273000000.0,16692000000.0,85965000000.0,85308000000.0,-129000000.0,-129000000.0,,,-129000000.0,11591000000.0,6564000000.0,6564000000.0,,,,,,,,,,,,0.0,34000000.0,,,,,,,,,,,,,,,,,,,
META,2019-12-31,,,,,,,,,,20000000.0,,,,,,,,,,,,,,,,,,27000000.0,,20000000.0,,,,,,,,,,,,,,,,,,,,,,,,,,,,0.0,0.0,,,,,,,,,,,,,,,,,,,,
TSLA,2023-12-31,0.0,0.21,14796000000.0,14999000000.0,4667000000.0,79113000000.0,14796000000.0,10129000000.0,910000000.0,156000000.0,1066000000.0,14999000000.0,14999000000.0,87882000000.0,8891000000.0,3482750000.0,3173500000.0,4.31,4.725697,14999000000.0,14999000000.0,14999000000.0,14974000000.0,14974000000.0,-5001000000.0,9973000000.0,172000000.0,172000000.0,910000000.0,156000000.0,1066000000.0,8891000000.0,8769000000.0,3969000000.0,4800000000.0,17660000000.0,79113000000.0,96773000000.0,96773000000.0,0.0,0.0,0.0,,,,,,,,,,0.0,1268000000.0,25000000.0,,,,0.0,,,,,,,,,,,,,,,,,,,,,
TSLA,2022-12-31,-14080000.0,0.08,17833000000.0,12583000000.0,3747000000.0,60609000000.0,17657000000.0,13910000000.0,106000000.0,191000000.0,297000000.0,12744920000.0,12583000000.0,67630000000.0,13656000000.0,3475000000.0,3130000000.0,3.62,4.02,12584000000.0,12583000000.0,12583000000.0,12587000000.0,12587000000.0,1132000000.0,13719000000.0,-219000000.0,-43000000.0,106000000.0,191000000.0,297000000.0,13832000000.0,7021000000.0,3075000000.0,3946000000.0,20853000000.0,60609000000.0,81462000000.0,81462000000.0,-176000000.0,-176000000.0,-176000000.0,,,,,,,,,,176000000.0,1509000000.0,-4000000.0,,,,1000000.0,,,,,,,,,,,,,,,,,,,,,
TSLA,2021-12-31,2970000.0,0.11,9598000000.0,5524000000.0,2911000000.0,40217000000.0,9625000000.0,6714000000.0,-315000000.0,371000000.0,56000000.0,5499970000.0,5524000000.0,47327000000.0,6523000000.0,3386000000.0,2959000000.0,1.63,1.87,5533000000.0,5524000000.0,5524000000.0,5644000000.0,5644000000.0,699000000.0,6343000000.0,162000000.0,135000000.0,-315000000.0,371000000.0,56000000.0,6496000000.0,7110000000.0,2593000000.0,4517000000.0,13606000000.0,40217000000.0,53823000000.0,53823000000.0,27000000.0,27000000.0,27000000.0,,,,,,,,,,-27000000.0,978000000.0,-120000000.0,,,,9000000.0,-5000000.0,,,,,,,,,,,,,,,,,,,,
TSLA,2020-12-31,0.0,0.25,4224000000.0,721000000.0,2322000000.0,24906000000.0,4224000000.0,1902000000.0,-718000000.0,748000000.0,30000000.0,721000000.0,721000000.0,29542000000.0,-1994000000.0,2880000000.0,2880000000.0,0.213333,0.246667,690000000.0,690000000.0,721000000.0,862000000.0,862000000.0,292000000.0,1154000000.0,-122000000.0,-122000000.0,-718000000.0,748000000.0,30000000.0,1994000000.0,4636000000.0,1491000000.0,3145000000.0,6630000000.0,24906000000.0,31536000000.0,31536000000.0,0.0,0.0,0.0,,,,,,,,,,0.0,563000000.0,-141000000.0,,,,0.0,31000000.0,,,,,,,,,,,,,,,,,,,,
TSLA,2019-12-31,,,,,,,,,,,,,,,,,,,,,,,,,,,,,,,,,,,,,,,,,,,,,,,,,,,,,,,,,,,8000000.0,,,,,,,,,,,,,,,,,,,,
UNH,2023-12-31,838245000.0,0.205,32241000000.0,22381000000.0,3972000000.0,280664000000.0,36330000000.0,32358000000.0,-3246000000.0,3246000000.0,,19130245000.0,22381000000.0,339264000000.0,32358000000.0,938000000.0,928000000.0,23.86,24.12,22381000000.0,22381000000.0,22381000000.0,23144000000.0,23144000000.0,5968000000.0,29112000000.0,4089000000.0,,-3246000000.0,3246000000.0,,28269000000.0,58600000000.0,,,86869000000.0,280664000000.0,367533000000.0,367533000000.0,4089000000.0,4089000000.0,,,4089000000.0,,,,,,,54628000000.0,,,-763000000.0,,,,,,,3972000000.0,3972000000.0,,,,,,,,,,,,,,,,,
UNH,2022-12-31,440510000.0,0.217,29805000000.0,20120000000.0,3400000000.0,244545000000.0,31835000000.0,28435000000.0,-2092000000.0,2092000000.0,,18530510000.0,20120000000.0,295727000000.0,28435000000.0,950000000.0,934000000.0,21.18,21.541756,20120000000.0,20120000000.0,20120000000.0,20639000000.0,20639000000.0,5704000000.0,26343000000.0,2030000000.0,,-2092000000.0,2092000000.0,,26405000000.0,51182000000.0,,,77587000000.0,244545000000.0,322132000000.0,322132000000.0,2030000000.0,2030000000.0,,,2030000000.0,,,,,,,47782000000.0,,,-519000000.0,,,,,,,3400000000.0,3400000000.0,,,,,,,,,,,,,,,,,
UNH,2021-12-31,476420000.0,0.205,24749000000.0,17285000000.0,3103000000.0,217945000000.0,27073000000.0,23970000000.0,-1660000000.0,1660000000.0,,15437420000.0,17285000000.0,263627000000.0,23970000000.0,956000000.0,943000000.0,18.08,18.33,17285000000.0,17285000000.0,17285000000.0,17732000000.0,17732000000.0,4578000000.0,22310000000.0,2324000000.0,,-1660000000.0,1660000000.0,,21646000000.0,45682000000.0,,,67328000000.0,217945000000.0,285273000000.0,285273000000.0,2324000000.0,2324000000.0,,,2324000000.0,,,,,,,42579000000.0,,,-447000000.0,,,,,,,3103000000.0,3103000000.0,,,,,,,,,,,,,,,,,
UNH,2020-12-31,360480000.0,0.24,23794000000.0,15403000000.0,2891000000.0,190141000000.0,25296000000.0,22405000000.0,-1663000000.0,1663000000.0,,14261480000.0,15403000000.0,234736000000.0,22405000000.0,961000000.0,946000000.0,16.03,16.282241,15403000000.0,15403000000.0,15403000000.0,15769000000.0,15769000000.0,4973000000.0,20742000000.0,1502000000.0,,-1663000000.0,1663000000.0,,20903000000.0,44595000000.0,,,65498000000.0,190141000000.0,255639000000.0,255639000000.0,1502000000.0,1502000000.0,,,1502000000.0,,,,,,,41704000000.0,,,-366000000.0,,,,,,,2891000000.0,2891000000.0,,,,,,,,,,,,,,,,,
JNJ,2023-12-31,-1035230000.0,0.115,32322000000.0,13326000000.0,7486000000.0,26553000000.0,23320000000.0,15834000000.0,489000000.0,772000000.0,1261000000.0,21292770000.0,35153000000.0,61750000000.0,,2560400000.0,2533500000.0,13.72,13.88,35153000000.0,35153000000.0,35153000000.0,35153000000.0,13326000000.0,1736000000.0,15062000000.0,-8802000000.0,200000000.0,489000000.0,772000000.0,1261000000.0,23409000000.0,35197000000.0,15085000000.0,20112000000.0,58606000000.0,26553000000.0,85159000000.0,85159000000.0,-9002000000.0,-9002000000.0,-8402000000.0,,-600000000.0,,20112000000.0,21512000000.0,7613000000.0,,,,789000000.0,,,,,,,,,,,21827000000.0,-1400000000.0,,,,,,,,,,,,,,,
JNJ,2022-12-31,-547932000.0,0.154,30163000000.0,16370000000.0,6970000000.0,24596000000.0,26605000000.0,19635000000.0,214000000.0,276000000.0,490000000.0,19380068000.0,17941000000.0,57777000000.0,,2663900000.0,2613597000.0,6.73,6.862158,17941000000.0,17941000000.0,17941000000.0,17941000000.0,16370000000.0,2989000000.0,19359000000.0,-3058000000.0,500000000.0,214000000.0,276000000.0,490000000.0,22213000000.0,33181000000.0,14135000000.0,19046000000.0,55394000000.0,24596000000.0,79990000000.0,79990000000.0,-3558000000.0,-3558000000.0,-2858000000.0,,-700000000.0,,19046000000.0,20246000000.0,2383000000.0,,,,475000000.0,,,,,,,,,,,1571000000.0,-1200000000.0,,,,,,,,,,,,,,,
JNJ,2021-12-31,-79848000.0,0.072,27860000000.0,17801000000.0,7390000000.0,23402000000.0,26751000000.0,19361000000.0,-130000000.0,183000000.0,53000000.0,18830152000.0,20878000000.0,57797000000.0,,2674000000.0,2628965000.0,7.81,7.930572,20878000000.0,20878000000.0,20878000000.0,20878000000.0,17801000000.0,1377000000.0,19178000000.0,-1635000000.0,-526000000.0,-130000000.0,183000000.0,53000000.0,20943000000.0,34395000000.0,14277000000.0,20118000000.0,55338000000.0,23402000000.0,78740000000.0,78740000000.0,-1109000000.0,-1109000000.0,-1109000000.0,,,,20118000000.0,20118000000.0,900000000.0,,,,209000000.0,,,,,,,,,,,3077000000.0,,,,,,,,,,,,,,,,
JNJ,2020-12-31,-26676000.0,0.108,24176000000.0,14714000000.0,7231000000.0,28427000000.0,23929000000.0,16698000000.0,-90000000.0,201000000.0,111000000.0,14934324000.0,14714000000.0,62851000000.0,,2670700000.0,2632512000.0,5.51,5.589273,14714000000.0,14714000000.0,14714000000.0,14714000000.0,14714000000.0,1783000000.0,16497000000.0,-3146000000.0,-2899000000.0,-90000000.0,201000000.0,111000000.0,19733000000.0,34424000000.0,12340000000.0,22084000000.0,54157000000.0,28427000000.0,82584000000.0,82584000000.0,-247000000.0,-247000000.0,-247000000.0,,,,22084000000.0,22084000000.0,181000000.0,,,,247000000.0,,,,,,,,,,,,,,,,,,,,,,,,,,,
V,2023-09-30,-44034000.0,0.179,22870000000.0,17273000000.0,943000000.0,6567000000.0,22624000000.0,21681000000.0,-644000000.0,644000000.0,,17474966000.0,17273000000.0,10726000000.0,21000000000.0,2085000000.0,1618000000.0,8.28,8.29,17273000000.0,17273000000.0,17273000000.0,17273000000.0,17273000000.0,3764000000.0,21037000000.0,-246000000.0,,-644000000.0,644000000.0,,21927000000.0,4159000000.0,,3216000000.0,26086000000.0,6567000000.0,32653000000.0,42471000000.0,-246000000.0,-246000000.0,-927000000.0,,681000000.0,1341000000.0,1875000000.0,1875000000.0,927000000.0,,,,,,,,,,,,,943000000.0,943000000.0,,,,,,,,,,,,,,,,,
V,2022-09-30,-176225000.0,0.175,20542000000.0,14957000000.0,861000000.0,5733000000.0,19535000000.0,18674000000.0,-538000000.0,538000000.0,,15787775000.0,14957000000.0,9629000000.0,18813000000.0,2136000000.0,1651000000.0,7.0,7.01,14957000000.0,14957000000.0,14957000000.0,14957000000.0,14957000000.0,3179000000.0,18136000000.0,-1007000000.0,,-538000000.0,538000000.0,,19681000000.0,3896000000.0,,3035000000.0,23577000000.0,5733000000.0,29310000000.0,37614000000.0,-1007000000.0,-1007000000.0,-868000000.0,,-139000000.0,1336000000.0,1699000000.0,1699000000.0,868000000.0,,,,,,,,,,,,,861000000.0,861000000.0,,,,,,,,,,,,,,,,,
V,2021-09-30,179946000.0,0.234,16611000000.0,12311000000.0,804000000.0,4970000000.0,17380000000.0,16576000000.0,-513000000.0,513000000.0,,11721946000.0,12311000000.0,8298000000.0,15804000000.0,2188000000.0,2130301000.0,5.63,5.63,12311000000.0,12311000000.0,12311000000.0,12311000000.0,12311000000.0,3752000000.0,16063000000.0,769000000.0,,-513000000.0,513000000.0,,15807000000.0,3328000000.0,,2524000000.0,19135000000.0,4970000000.0,24105000000.0,30797000000.0,769000000.0,769000000.0,-3000000.0,,772000000.0,1136000000.0,1388000000.0,1388000000.0,3000000.0,,,,,,,,,,,,,804000000.0,804000000.0,,,,,,,,,,,,,,,,,
V,2020-09-30,45368000.0,0.212,14859000000.0,10866000000.0,767000000.0,4512000000.0,15073000000.0,14306000000.0,-516000000.0,516000000.0,,10697368000.0,10866000000.0,7754000000.0,14081000000.0,2223000000.0,2140301000.0,4.89,4.9,10866000000.0,10866000000.0,10866000000.0,10866000000.0,10866000000.0,2924000000.0,13790000000.0,214000000.0,,-516000000.0,516000000.0,,14092000000.0,3242000000.0,,2475000000.0,17334000000.0,4512000000.0,21846000000.0,27078000000.0,214000000.0,214000000.0,-11000000.0,,225000000.0,971000000.0,1504000000.0,1504000000.0,11000000.0,,,,,,,,,,,,,767000000.0,767000000.0,,,,,,,,,,,,,,,,,
XOM,2023-12-31,0.0,0.33,74273000000.0,36010000000.0,20641000000.0,250555000000.0,74273000000.0,53632000000.0,-849000000.0,849000000.0,,36010000000.0,36010000000.0,290950000000.0,,4052000000.0,4050618673.0,8.89,8.89,36010000000.0,36010000000.0,36010000000.0,37354000000.0,37354000000.0,15429000000.0,52783000000.0,9885000000.0,3500000000.0,-849000000.0,849000000.0,,43747000000.0,40395000000.0,,10633000000.0,84142000000.0,250555000000.0,334697000000.0,334697000000.0,,,,,,,10633000000.0,9919000000.0,,6385000000.0,,751000000.0,,,-1344000000.0,,,,,,,,,,714000000.0,29011000000.0,,,,,,,,,,,,,,
XOM,2022-12-31,0.0,0.33,102591000000.0,55740000000.0,24040000000.0,295608000000.0,102591000000.0,78551000000.0,-798000000.0,798000000.0,,55740000000.0,55740000000.0,335129000000.0,,4205000000.0,4203619910.0,13.26,13.26,55740000000.0,55740000000.0,55740000000.0,57577000000.0,57577000000.0,20176000000.0,77753000000.0,15005000000.0,3542000000.0,-798000000.0,798000000.0,,63546000000.0,39521000000.0,,10577000000.0,103067000000.0,295608000000.0,398675000000.0,398675000000.0,,,,,,,10577000000.0,10095000000.0,,11463000000.0,,1025000000.0,,,-1837000000.0,,,,,,,,,,482000000.0,27919000000.0,,,,,,,,,,,,,,
XOM,2021-12-31,0.0,0.31,52788000000.0,23040000000.0,20607000000.0,211806000000.0,52788000000.0,32181000000.0,-947000000.0,947000000.0,,23040000000.0,23040000000.0,253459000000.0,,4275000000.0,4274582560.0,5.39,5.39,23040000000.0,23040000000.0,23040000000.0,23598000000.0,23598000000.0,7636000000.0,31234000000.0,8948000000.0,2291000000.0,-947000000.0,947000000.0,,23233000000.0,41653000000.0,,10360000000.0,64886000000.0,211806000000.0,276692000000.0,276692000000.0,,,,,,,10360000000.0,9574000000.0,,6657000000.0,,1054000000.0,,,-558000000.0,,,,,,,,,,786000000.0,30239000000.0,,,,,,,,,,,,,,
XOM,2020-12-31,0.0,0.17,18284000000.0,-22440000000.0,46009000000.0,170447000000.0,18284000000.0,-27725000000.0,-1158000000.0,1158000000.0,,-22440000000.0,-22440000000.0,209227000000.0,,4274285714.0,4274285714.0,-5.25,-5.25,-22440000000.0,-22440000000.0,-22440000000.0,-23251000000.0,-23251000000.0,-5632000000.0,-28883000000.0,2928000000.0,1196000000.0,-1158000000.0,1158000000.0,,-30653000000.0,38780000000.0,,11373000000.0,8127000000.0,170447000000.0,178574000000.0,178574000000.0,,,,,,,11373000000.0,10168000000.0,,1732000000.0,,1285000000.0,,,811000000.0,,,,,,,,,,1205000000.0,26122000000.0,,,,,,,,,,,,,,
PG,2024-06-30,-270882000.0,0.202,23923000000.0,14879000000.0,2896000000.0,40848000000.0,22582000000.0,19686000000.0,-452000000.0,925000000.0,473000000.0,15949118000.0,14879000000.0,64153000000.0,18545000000.0,,,,,14879000000.0,14595000000.0,14879000000.0,14974000000.0,14974000000.0,3787000000.0,18761000000.0,-673000000.0,668000000.0,-452000000.0,925000000.0,473000000.0,19886000000.0,23305000000.0,,23305000000.0,43191000000.0,40848000000.0,84039000000.0,84039000000.0,-1341000000.0,-1341000000.0,-1341000000.0,,,,,,,,,,,,-95000000.0,1341000000.0,,,284000000.0,,,,,,,,284000000.0,,,,,,,,,,,,,
PG,2023-06-30,0.0,0.017,21823000000.0,14653000000.0,2714000000.0,42760000000.0,21823000000.0,19109000000.0,-449000000.0,756000000.0,307000000.0,14653000000.0,14653000000.0,63872000000.0,18134000000.0,2483900000.0,2368200000.0,5.9,6.07,14653000000.0,14371000000.0,14653000000.0,14738000000.0,14738000000.0,3615000000.0,18353000000.0,668000000.0,668000000.0,-449000000.0,756000000.0,307000000.0,18134000000.0,21112000000.0,,21112000000.0,39246000000.0,42760000000.0,82006000000.0,82006000000.0,0.0,0.0,0.0,,,,,,,,,,,,-85000000.0,0.0,,,282000000.0,,,,,,,,282000000.0,,,,,,,,,,,,,
PG,2022-06-30,0.0,0.178,21241000000.0,14742000000.0,2807000000.0,42157000000.0,21241000000.0,18434000000.0,-388000000.0,439000000.0,51000000.0,14742000000.0,14742000000.0,62374000000.0,17813000000.0,2539100000.0,2410300000.0,5.81,6.0,14742000000.0,14461000000.0,14742000000.0,14793000000.0,14793000000.0,3202000000.0,17995000000.0,570000000.0,570000000.0,-388000000.0,439000000.0,51000000.0,17813000000.0,20217000000.0,,20217000000.0,38030000000.0,42157000000.0,80187000000.0,80187000000.0,0.0,0.0,0.0,,,,,,,,,,,,-51000000.0,0.0,,,281000000.0,,,,,,,,281000000.0,,,,,,,,,,,,,
PG,2021-06-30,0.0,0.185,20852000000.0,14306000000.0,2735000000.0,37108000000.0,20852000000.0,18117000000.0,-457000000.0,502000000.0,45000000.0,14306000000.0,14306000000.0,58132000000.0,17986000000.0,2601000000.0,2514235501.0,5.5,5.69,14306000000.0,14035000000.0,14306000000.0,14352000000.0,14352000000.0,3263000000.0,17615000000.0,86000000.0,86000000.0,-457000000.0,502000000.0,45000000.0,17986000000.0,21024000000.0,,21024000000.0,39010000000.0,37108000000.0,76118000000.0,76118000000.0,0.0,0.0,0.0,,,,,,,,,,,,-46000000.0,0.0,,,271000000.0,,,,,,,,271000000.0,,,,,,,,,,,,,
PG,2020-06-30,,,,,,,,,,,,,,,,2625800000.0,2539376218.0,4.96,5.13,,,,,,,,,,,,,,,,,,,,,,,,,,,,,,,,,,,,,,,,,,,,,,,,,,,,,,,,,,,,
LLY,2023-12-31,-781427700.0,0.201,12455500000.0,5240400000.0,1527300000.0,7082200000.0,8567800000.0,7040500000.0,-312300000.0,485900000.0,173600000.0,8346672300.0,5240400000.0,23336800000.0,,903284000.0,899379000.0,5.8,5.826687,5240400000.0,5240400000.0,5240400000.0,5240400000.0,5240400000.0,1314200000.0,6554600000.0,-3920400000.0,-32700000.0,-312300000.0,485900000.0,173600000.0,10787300000.0,16254600000.0,9313400000.0,6941200000.0,27041900000.0,7082200000.0,34124100000.0,34124100000.0,-3887700000.0,-3887700000.0,-3867500000.0,22200000.0,-20200000.0,,6941200000.0,7403100000.0,3799800000.0,,,,45500000.0,,,,,,,,,,,,-461900000.0,,,,,,,,,,,,,,,
LLY,2022-12-31,-129795400.0,0.083,10224300000.0,6244800000.0,1522500000.0,6629800000.0,8660500000.0,7138000000.0,-268800000.0,331600000.0,62800000.0,7678804600.0,6244800000.0,19888100000.0,,950182000.0,950182000.0,6.572215,6.572215,6244800000.0,6244800000.0,6244800000.0,6244800000.0,6244800000.0,561600000.0,6806400000.0,-1578100000.0,-14300000.0,-268800000.0,331600000.0,62800000.0,8653300000.0,13258300000.0,7190800000.0,6067500000.0,21911600000.0,6629800000.0,28541400000.0,28541400000.0,-1563800000.0,-1563800000.0,-1153100000.0,221600000.0,-410700000.0,,6067500000.0,6440400000.0,908500000.0,,,,23000000.0,,,,,,,,,,,,-372900000.0,,,,,,,,,,,,,,,
LLY,2021-12-31,-140848500.0,0.093,9557400000.0,5581700000.0,1547600000.0,7312800000.0,8042900000.0,6495300000.0,-314400000.0,339800000.0,25400000.0,6955351500.0,5581700000.0,20385400000.0,,953653000.0,953653000.0,5.852967,5.852967,5581700000.0,5581700000.0,5581700000.0,5581700000.0,5581700000.0,573800000.0,6155500000.0,-1463100000.0,51400000.0,-314400000.0,339800000.0,25400000.0,7933000000.0,13072600000.0,6930700000.0,6141900000.0,21005600000.0,7312800000.0,28318400000.0,28318400000.0,-1514500000.0,-1514500000.0,-1691400000.0,303100000.0,176900000.0,,6141900000.0,6431600000.0,1375300000.0,,,,13000000.0,,,,,,,,,,,0.0,-289700000.0,,,0.0,,,,,,,,,,,,
LLY,2020-12-31,93035800.0,0.143,8262800000.0,6193700000.0,1323900000.0,5483300000.0,8913400000.0,7589500000.0,-326600000.0,359600000.0,33000000.0,5636135800.0,6193700000.0,17438400000.0,,956590000.0,956590000.0,6.47477,6.47477,6193700000.0,6193700000.0,6193700000.0,6193700000.0,6193700000.0,1036200000.0,7229900000.0,455100000.0,-195500000.0,-326600000.0,359600000.0,33000000.0,7101400000.0,11955100000.0,6085700000.0,5869400000.0,19056500000.0,5483300000.0,24539800000.0,24539800000.0,650600000.0,650600000.0,-791600000.0,-20000000.0,1442200000.0,,5869400000.0,6121200000.0,660400000.0,,,,151200000.0,,,131200000.0,,,,,,,,0.0,-251800000.0,,,0.0,,,,,,,,,,,,
LLY,2019-12-31,,,,,,,,,,,,,,,,,,,,,,,,,,,,,,,,,,,,,,,,,,,,,6213800000.0,,,,,,,,,,575600000.0,,,,,,,,3680500000.0,,,,309800000.0,,,,,,,,,,,,
MA,2023-12-31,-73211000.0,0.179,15422000000.0,11195000000.0,799000000.0,6022000000.0,15013000000.0,14214000000.0,-575000000.0,575000000.0,,11530789000.0,11195000000.0,10468000000.0,14008000000.0,946000000.0,944000000.0,11.83,11.86,11195000000.0,11195000000.0,11195000000.0,11195000000.0,11195000000.0,2444000000.0,13639000000.0,-416000000.0,-7000000.0,-575000000.0,575000000.0,,14630000000.0,4446000000.0,,3647000000.0,19076000000.0,6022000000.0,25098000000.0,25098000000.0,-409000000.0,-409000000.0,-539000000.0,,130000000.0,825000000.0,2822000000.0,2822000000.0,539000000.0,,,,,,,,,,,,,799000000.0,799000000.0,,,,,,,,,,,,,,,,,
MA,2022-12-31,-83468000.0,0.154,13495000000.0,9930000000.0,750000000.0,5263000000.0,12953000000.0,12203000000.0,-471000000.0,471000000.0,,10388532000.0,9930000000.0,9515000000.0,12264000000.0,971000000.0,968000000.0,10.22,10.26,9930000000.0,9930000000.0,9930000000.0,9930000000.0,9930000000.0,1802000000.0,11732000000.0,-519000000.0,23000000.0,-471000000.0,471000000.0,,12722000000.0,4252000000.0,,3502000000.0,16974000000.0,5263000000.0,22237000000.0,22237000000.0,-542000000.0,-542000000.0,-356000000.0,,-186000000.0,789000000.0,2713000000.0,2713000000.0,356000000.0,,,,,,,,,,,,,750000000.0,750000000.0,,,,,,,,,,,,,,,,,
MA,2021-12-31,80227000.0,0.157,10953000000.0,8687000000.0,726000000.0,4489000000.0,11464000000.0,10738000000.0,-431000000.0,431000000.0,,8256227000.0,8687000000.0,8657000000.0,10082000000.0,992000000.0,988000000.0,8.76,8.79,8687000000.0,8687000000.0,8687000000.0,8687000000.0,8687000000.0,1620000000.0,10307000000.0,511000000.0,,-431000000.0,431000000.0,,10227000000.0,4168000000.0,,3442000000.0,14395000000.0,4489000000.0,18884000000.0,18884000000.0,511000000.0,511000000.0,-94000000.0,,605000000.0,895000000.0,2547000000.0,2547000000.0,94000000.0,,,,,,,,,,,,,726000000.0,726000000.0,,,,,,,,,,,,,,,,,
MA,2020-12-31,-4872000.0,0.174,8748000000.0,6411000000.0,580000000.0,3787000000.0,8720000000.0,8140000000.0,-380000000.0,380000000.0,,6434128000.0,6411000000.0,7138000000.0,8081000000.0,1006000015.0,1002000015.0,6.37,6.4,6411000000.0,6411000000.0,6411000000.0,6411000000.0,6411000000.0,1349000000.0,7760000000.0,-23000000.0,5000000.0,-380000000.0,380000000.0,,8163000000.0,3351000000.0,,2771000000.0,11514000000.0,3787000000.0,15301000000.0,18899000000.0,-28000000.0,-28000000.0,-73000000.0,,45000000.0,657000000.0,2114000000.0,2114000000.0,73000000.0,,,,,,,,,,,,,580000000.0,580000000.0,,,,,,,,,,,,,,,,,
MA,2019-12-31,,,,,,,,,,,,,,,,,,,,,,,,,,,,27000000.0,,,,,,,,,,,,,,,,,,,,,167000000.0,,,,,,,,,,,,,,,3537000000.0,,,,,,,,,,,,,,,
HD,2024-01-31,0.0,0.24,25114000000.0,15143000000.0,3247000000.0,101135000000.0,25114000000.0,21867000000.0,-1765000000.0,1943000000.0,178000000.0,15143000000.0,15143000000.0,130980000000.0,21689000000.0,1002000000.0,999000000.0,15.11,15.16,15143000000.0,15143000000.0,15143000000.0,15143000000.0,15143000000.0,4781000000.0,19924000000.0,-1000000.0,-1000000.0,-1765000000.0,1943000000.0,178000000.0,21689000000.0,29271000000.0,,26598000000.0,50960000000.0,101709000000.0,152669000000.0,152669000000.0,,,,,,,,,,,,,,,,,,,,,,2673000000.0,2673000000.0,,,,,,,,,,,,,,,,,
HD,2023-01-31,0.0,0.239,27069000000.0,17105000000.0,2975000000.0,104105000000.0,27069000000.0,24094000000.0,-1562000000.0,1617000000.0,55000000.0,17105000000.0,17105000000.0,133364000000.0,24039000000.0,1025000000.0,1022000000.0,16.69,16.74,17105000000.0,17105000000.0,17105000000.0,17105000000.0,17105000000.0,5372000000.0,22477000000.0,1000000.0,1000000.0,-1562000000.0,1617000000.0,55000000.0,24039000000.0,28739000000.0,,26284000000.0,52778000000.0,104625000000.0,157403000000.0,157403000000.0,,,,,,,,,,,,,,,,,,,,,,2455000000.0,2455000000.0,,,,,,,,,,,,,,,,,
HD,2022-01-31,0.0,0.244,25946000000.0,16433000000.0,2862000000.0,99849000000.0,25946000000.0,23084000000.0,-1303000000.0,1347000000.0,44000000.0,16433000000.0,16433000000.0,128117000000.0,23040000000.0,1058000000.0,1054000000.0,15.53,15.59,16433000000.0,16433000000.0,16433000000.0,16433000000.0,16433000000.0,5304000000.0,21737000000.0,-35000000.0,-35000000.0,-1303000000.0,1347000000.0,44000000.0,23040000000.0,27792000000.0,,25406000000.0,50832000000.0,100325000000.0,151157000000.0,151157000000.0,,,,,,,,,,,,,,,,,,,,,,2386000000.0,2386000000.0,,,,,,,,,,,,,,,,,
HD,2021-01-31,0.0,0.242,20844000000.0,12866000000.0,2519000000.0,86866000000.0,20844000000.0,18325000000.0,-1300000000.0,1347000000.0,47000000.0,12866000000.0,12866000000.0,113832000000.0,18278000000.0,1078000000.0,1074000000.0,11.94,11.98,12866000000.0,12866000000.0,12866000000.0,12866000000.0,12866000000.0,4112000000.0,16978000000.0,,,-1300000000.0,1347000000.0,47000000.0,18278000000.0,26575000000.0,,24447000000.0,44853000000.0,87257000000.0,132110000000.0,132110000000.0,0.0,0.0,0.0,,,,,,,,,,,,,0.0,,,,,,2128000000.0,2128000000.0,,,,,,,,,,,,,,,,,
HD,2020-01-31,,,,,,,,,,,,,,,,,,,,,,,,,,,,,,,,,,,,,,,,0.0,0.0,0.0,,,,,,,,,,,,,0.0,,,,,,,,,,,,,,,,,,,,,,,,
CVX,2023-12-31,0.0,0.276,45042000000.0,21369000000.0,14989000000.0,136522000000.0,45042000000.0,30053000000.0,-469000000.0,469000000.0,,21369000000.0,21369000000.0,170684000000.0,,1880307000.0,1872737000.0,11.36,11.41,21369000000.0,21369000000.0,21369000000.0,21411000000.0,21411000000.0,8173000000.0,29584000000.0,3824000000.0,-1307000000.0,-469000000.0,469000000.0,,26229000000.0,34162000000.0,,4141000000.0,60391000000.0,136522000000.0,196913000000.0,196913000000.0,,,,,,,,,,5131000000.0,,25801000000.0,,,-42000000.0,,,,,,,,,,,4220000000.0,,,,,,,,,,,,,,
CVX,2022-12-31,0.0,0.283,65485000000.0,35465000000.0,15295000000.0,161735000000.0,65485000000.0,50190000000.0,-516000000.0,516000000.0,,35465000000.0,35465000000.0,195767000000.0,,1940277000.0,1931486000.0,18.28,18.36,35465000000.0,35465000000.0,35465000000.0,35608000000.0,35608000000.0,14066000000.0,49674000000.0,10240000000.0,1655000000.0,-516000000.0,516000000.0,,39950000000.0,34032000000.0,,4312000000.0,73982000000.0,161735000000.0,235717000000.0,235717000000.0,,,,,,,,,,8585000000.0,,25688000000.0,,,-143000000.0,,,,,,,,,,,4032000000.0,,,,,,,,,,,,,,
CVX,2021-12-31,0.0,0.275,39364000000.0,15625000000.0,17013000000.0,110174000000.0,39364000000.0,22351000000.0,-712000000.0,712000000.0,,15625000000.0,15625000000.0,139426000000.0,,1920275000.0,1915989000.0,8.14,8.15,15625000000.0,15625000000.0,15625000000.0,15689000000.0,15689000000.0,5950000000.0,21639000000.0,6171000000.0,514000000.0,-712000000.0,712000000.0,,16180000000.0,29252000000.0,,4014000000.0,45432000000.0,110174000000.0,155606000000.0,155606000000.0,,,,,,,,,,5657000000.0,,21275000000.0,,,-64000000.0,,,,,,,,,,,3963000000.0,,,,,,,,,,,,,,
CVX,2020-12-31,0.0,0.254,10436000000.0,-5543000000.0,17192000000.0,71656000000.0,10436000000.0,-6756000000.0,-697000000.0,697000000.0,,-5543000000.0,-5543000000.0,100568000000.0,,1870027000.0,1870027000.0,-2.96,-2.96,-5543000000.0,-5543000000.0,-5543000000.0,-5561000000.0,-5561000000.0,-1892000000.0,-7453000000.0,-659000000.0,-187000000.0,-697000000.0,697000000.0,,-6097000000.0,28912000000.0,,4213000000.0,22815000000.0,71656000000.0,94471000000.0,94471000000.0,,,,,,,,,,-472000000.0,,21860000000.0,,,18000000.0,,,,,,,,,,,2839000000.0,,,,,,,,,,,,,,
MRK,2023-12-31,-132090000.0,0.21,7536000000.0,365000000.0,3872000000.0,16126000000.0,6907000000.0,3035000000.0,-781000000.0,1146000000.0,365000000.0,861910000.0,365000000.0,57161000000.0,,2547000000.0,2537000000.0,0.14,0.14,365000000.0,365000000.0,365000000.0,377000000.0,377000000.0,1512000000.0,1889000000.0,-284000000.0,345000000.0,-781000000.0,1146000000.0,365000000.0,2954000000.0,41035000000.0,30531000000.0,10504000000.0,43989000000.0,16126000000.0,60115000000.0,60115000000.0,-629000000.0,-629000000.0,-599000000.0,,-30000000.0,,,,,,,,599000000.0,,-12000000.0,,,,,,,,,0.0,,,,,,,,,,,,,,,,
MRK,2022-12-31,-233181000.0,0.117,23308000000.0,14519000000.0,3909000000.0,17411000000.0,21315000000.0,17406000000.0,-805000000.0,962000000.0,157000000.0,16278819000.0,14519000000.0,41001000000.0,,2542000000.0,2532000000.0,5.71,5.73,14519000000.0,14519000000.0,14519000000.0,14526000000.0,14526000000.0,1918000000.0,16444000000.0,-1033000000.0,960000000.0,-805000000.0,962000000.0,157000000.0,18282000000.0,23590000000.0,13548000000.0,10042000000.0,41872000000.0,17411000000.0,59283000000.0,59283000000.0,-1993000000.0,-1993000000.0,-337000000.0,,-1656000000.0,,,,,,,,337000000.0,,-7000000.0,,,,,,,,,0.0,,,,,,,,,,,,,,,,
MRK,2021-12-31,107617407.594207,0.10959,16917000000.0,12345000000.0,3214000000.0,13626000000.0,17899000000.0,14685000000.0,-770000000.0,806000000.0,36000000.0,11470617407.594208,13049000000.0,35505000000.0,,2538000000.0,2530000000.0,5.14,5.16,13049000000.0,13049000000.0,13049000000.0,13062000000.0,12358000000.0,1521000000.0,13879000000.0,1450000000.0,468000000.0,-770000000.0,806000000.0,36000000.0,13199000000.0,21879000000.0,12245000000.0,9634000000.0,35078000000.0,13626000000.0,48704000000.0,48704000000.0,982000000.0,982000000.0,-661000000.0,,1643000000.0,,,,,,,,661000000.0,,-13000000.0,,,,,,,,,704000000.0,,,,,,,,,,,,,,,,
MRK,2020-12-31,141522000.0,0.229,9562000000.0,7067000000.0,3486000000.0,13618000000.0,10180000000.0,6694000000.0,-772000000.0,831000000.0,59000000.0,6590522000.0,7067000000.0,35970000000.0,,2541000000.0,2530225827.0,2.78,2.793031,7067000000.0,7067000000.0,7067000000.0,4523000000.0,4523000000.0,1340000000.0,5863000000.0,1087000000.0,469000000.0,-772000000.0,831000000.0,59000000.0,5548000000.0,22352000000.0,13397000000.0,8955000000.0,27900000000.0,13618000000.0,41518000000.0,41518000000.0,618000000.0,618000000.0,-575000000.0,,1193000000.0,,,,,,,,575000000.0,,2544000000.0,,,,,,,,,,,,,,,,,,,,,,,,,
ABBV,2023-12-31,-203280000.0,0.22,18096000000.0,4863000000.0,8698000000.0,20415000000.0,17172000000.0,8474000000.0,-1684000000.0,2224000000.0,540000000.0,5583720000.0,4863000000.0,40783000000.0,12757000000.0,1773000000.0,1765940733.0,2.72,2.753773,4820000000.0,4820000000.0,4863000000.0,4873000000.0,4873000000.0,1377000000.0,6250000000.0,-5601000000.0,-4677000000.0,-1684000000.0,2224000000.0,540000000.0,13535000000.0,20368000000.0,7675000000.0,12872000000.0,33903000000.0,20415000000.0,54318000000.0,54318000000.0,-924000000.0,-924000000.0,-778000000.0,,-146000000.0,,,,778000000.0,,,-179000000.0,,,-10000000.0,,,,,43000000.0,,,,,,,,,,,,,,,,,,,,
ABBV,2022-12-31,-102245000.0,0.121,25019000000.0,11836000000.0,8467000000.0,17414000000.0,24174000000.0,15707000000.0,-2044000000.0,2230000000.0,186000000.0,12578755000.0,11836000000.0,39240000000.0,18117000000.0,1778000000.0,1769181294.0,6.63,6.6901,11782000000.0,11782000000.0,11836000000.0,11845000000.0,11845000000.0,1632000000.0,13477000000.0,-3293000000.0,-2448000000.0,-2044000000.0,2230000000.0,186000000.0,18814000000.0,21826000000.0,6510000000.0,15260000000.0,40640000000.0,17414000000.0,58054000000.0,58054000000.0,-845000000.0,-845000000.0,-697000000.0,,-148000000.0,,,,697000000.0,,,56000000.0,,,-9000000.0,,,,,54000000.0,,,,,,,,,,,,,,,,,,,,
ABBV,2021-12-31,-130425000.0,0.111,25108000000.0,11542000000.0,8521000000.0,17446000000.0,23933000000.0,15412000000.0,-2384000000.0,2423000000.0,39000000.0,12586575000.0,11542000000.0,37149000000.0,17924000000.0,1777000000.0,1768337696.0,6.45,6.527034,11468000000.0,11468000000.0,11542000000.0,11549000000.0,11549000000.0,1440000000.0,12989000000.0,-3675000000.0,-2500000000.0,-2384000000.0,2423000000.0,39000000.0,19048000000.0,19703000000.0,6922000000.0,12349000000.0,38751000000.0,17446000000.0,56197000000.0,56197000000.0,-1175000000.0,-1175000000.0,-1124000000.0,,-51000000.0,,,,1124000000.0,,,432000000.0,,,-7000000.0,,,,,74000000.0,,,,,,,,,,,,,,,,,,,,
ABBV,2020-12-31,-390690000.0,0.27,13770000000.0,4616000000.0,6471000000.0,15387000000.0,12323000000.0,5852000000.0,-2280000000.0,2454000000.0,174000000.0,5672310000.0,4616000000.0,33065000000.0,11363000000.0,1765132819.0,1765132819.0,2.615101,2.615101,4556000000.0,4556000000.0,4616000000.0,4622000000.0,4622000000.0,-1224000000.0,3398000000.0,-7061000000.0,-5614000000.0,-2280000000.0,2454000000.0,174000000.0,12739000000.0,17678000000.0,6379000000.0,11299000000.0,30417000000.0,15387000000.0,45804000000.0,45804000000.0,-1447000000.0,-1447000000.0,-1376000000.0,,-71000000.0,,,,1376000000.0,,,,,,-6000000.0,,,,,60000000.0,,,,,,,,,,,,,,,,,,,,
ABBV,2019-12-31,,,,,,,,,,,,,,,,,,,,,,,,,,,,,,,,,,,,,,,,,,,,,,,,,,,-890000000.0,,,,,,,,,,,,,,,,,,,,,,,,,,,,
PEP,2023-12-31,-183546000.0,0.198,16681000000.0,9074000000.0,3518000000.0,41881000000.0,15754000000.0,12236000000.0,-819000000.0,819000000.0,,9817454000.0,9074000000.0,78558000000.0,11986000000.0,1383000000.0,1374000000.0,6.56,6.604076,9074000000.0,9074000000.0,9074000000.0,9155000000.0,9155000000.0,2262000000.0,11417000000.0,-677000000.0,250000000.0,-819000000.0,819000000.0,,12913000000.0,36677000000.0,,36677000000.0,49590000000.0,41881000000.0,91471000000.0,91471000000.0,-927000000.0,-927000000.0,-927000000.0,,,,,,,,,,0.0,,-81000000.0,927000000.0,,,,,,,,,,,,,,,,,,,,,,,,
PEP,2022-12-31,24955000.0,0.161,14769000000.0,8910000000.0,3280000000.0,40576000000.0,14924000000.0,11644000000.0,-939000000.0,939000000.0,,8779955000.0,8910000000.0,75035000000.0,11512000000.0,1387000000.0,1377000000.0,6.42,6.470588,8910000000.0,8910000000.0,8910000000.0,8978000000.0,8978000000.0,1727000000.0,10705000000.0,287000000.0,132000000.0,-939000000.0,939000000.0,,11357000000.0,34459000000.0,,34459000000.0,45816000000.0,40576000000.0,86392000000.0,86392000000.0,155000000.0,155000000.0,155000000.0,,,,,,,,,,-3321000000.0,,-68000000.0,3166000000.0,,,,,,,,,,,,,,,,,,,,,,,,
PEP,2021-12-31,0.0,0.218104,14899000000.0,7618000000.0,3215000000.0,37075000000.0,14899000000.0,11684000000.0,-1863000000.0,1863000000.0,,7618000000.0,7618000000.0,68312000000.0,11162000000.0,1389000000.0,1383000000.0,5.49,5.508315,7618000000.0,7618000000.0,7618000000.0,7679000000.0,7679000000.0,2142000000.0,9821000000.0,522000000.0,522000000.0,-1863000000.0,1863000000.0,,11162000000.0,31237000000.0,,31237000000.0,42399000000.0,37075000000.0,79474000000.0,79474000000.0,0.0,0.0,0.0,,,,,,,,,,0.0,,-61000000.0,0.0,,,,,,,,,,,,,,,,,,,,,,,,
PEP,2020-12-31,-8778000.0,0.209,13265000000.0,7120000000.0,3026000000.0,31797000000.0,13223000000.0,10197000000.0,-1128000000.0,1128000000.0,,7153222000.0,7120000000.0,60250000000.0,10080000000.0,1392000000.0,1380000000.0,5.12,5.15942,7120000000.0,7120000000.0,7120000000.0,7175000000.0,7175000000.0,1894000000.0,9069000000.0,75000000.0,117000000.0,-1128000000.0,1128000000.0,,10122000000.0,28453000000.0,,28453000000.0,38575000000.0,31797000000.0,70372000000.0,70372000000.0,-42000000.0,-42000000.0,-42000000.0,,,,,,,,,,0.0,,-55000000.0,42000000.0,,,0.0,0.0,,,,,,,,,,,,,,,,,,,,
PEP,2019-12-31,,,,,,,,,,,200000000.0,,,,,,,,,,,,,,,,,,,,200000000.0,,,,,,,,,,,,,,,,,,,,,,,,,,,0.0,0.0,,,,,,,,,,,,,,,,,,,,
KO,2023-12-31,-195750000.0,0.174,16732000000.0,10714000000.0,1128000000.0,17407000000.0,15607000000.0,14479000000.0,-620000000.0,1527000000.0,907000000.0,11643250000.0,10714000000.0,32671000000.0,11311000000.0,4339000000.0,4323000000.0,2.47,2.48,10714000000.0,10714000000.0,10714000000.0,10703000000.0,10703000000.0,2249000000.0,12952000000.0,489000000.0,-77000000.0,-620000000.0,1527000000.0,907000000.0,13083000000.0,14151000000.0,,7863000000.0,27234000000.0,18520000000.0,45754000000.0,45754000000.0,-1125000000.0,-1125000000.0,-1310000000.0,39000000.0,185000000.0,7609000000.0,254000000.0,,8000000.0,1691000000.0,,6273000000.0,1322000000.0,,11000000.0,,,,,,,15000000.0,15000000.0,,254000000.0,,,59000000.0,-35000000.0,15000000.0,15000000.0,,,,,,,,,
KO,2022-12-31,-284532000.0,0.181,15400000000.0,9542000000.0,1260000000.0,18000000000.0,13828000000.0,12568000000.0,-433000000.0,882000000.0,449000000.0,10829468000.0,9542000000.0,30962000000.0,10909000000.0,4350000000.0,4328000000.0,2.19,2.2,9542000000.0,9542000000.0,9542000000.0,9571000000.0,9571000000.0,2115000000.0,11686000000.0,77000000.0,201000000.0,-433000000.0,882000000.0,449000000.0,12042000000.0,12962000000.0,,7442000000.0,25004000000.0,18000000000.0,43004000000.0,43004000000.0,-1572000000.0,-1572000000.0,-1076000000.0,96000000.0,-496000000.0,7086000000.0,356000000.0,,,1448000000.0,,5520000000.0,923000000.0,,-29000000.0,57000000.0,,,,,,,,,356000000.0,,,,,,,,,,,,,,,
KO,2021-12-31,234843000.0,0.211,14361000000.0,9771000000.0,1452000000.0,15357000000.0,15474000000.0,14022000000.0,-1321000000.0,1597000000.0,276000000.0,8892843000.0,9771000000.0,27616000000.0,10308000000.0,4340000000.0,4315000000.0,2.25,2.26,9771000000.0,9771000000.0,9771000000.0,9804000000.0,9804000000.0,2621000000.0,12425000000.0,2707000000.0,156000000.0,-1321000000.0,1597000000.0,276000000.0,11039000000.0,12259000000.0,,12144000000.0,23298000000.0,15357000000.0,38655000000.0,38655000000.0,1113000000.0,1113000000.0,646000000.0,,467000000.0,6672000000.0,337000000.0,5135000000.0,15000000.0,1438000000.0,,115000000.0,70000000.0,,-33000000.0,78000000.0,,,,,,,,,337000000.0,,,809000000.0,,,,,,,,,,,,
KO,2020-12-31,5075000.0,0.203,12697000000.0,7747000000.0,1536000000.0,13433000000.0,12722000000.0,11186000000.0,-1067000000.0,1437000000.0,370000000.0,7727075000.0,7747000000.0,23289000000.0,8997000000.0,4323000000.0,4295000000.0,1.79,1.8,7747000000.0,7747000000.0,7747000000.0,7768000000.0,7768000000.0,1981000000.0,9749000000.0,1091000000.0,88000000.0,-1067000000.0,1437000000.0,370000000.0,9725000000.0,9856000000.0,,9731000000.0,19581000000.0,13433000000.0,33014000000.0,33014000000.0,25000000.0,25000000.0,-68000000.0,252000000.0,93000000.0,5415000000.0,126000000.0,4190000000.0,,978000000.0,,125000000.0,-397000000.0,,-21000000.0,215000000.0,,,,,,,,,126000000.0,,,2000000.0,,,,,,,,,,,,
KO,2019-12-31,,,,,,,,,,,,,,,,,,,,,,,,,,,,,,,,,,,,,,,,,,,406000000.0,,,,4783000000.0,,,,,,,,202000000.0,,,,,,,,,,,,39000000.0,739000000.0,,,,,,,,,,,
PFE,2023-12-31,-1027110000.0,0.21,14448000000.0,2134000000.0,6290000000.0,23397000000.0,9557000000.0,3267000000.0,-585000000.0,2209000000.0,1624000000.0,5997890000.0,2119000000.0,55137000000.0,,5643000000.0,5643000000.0,0.37,0.38,2119000000.0,2119000000.0,2119000000.0,2158000000.0,2172000000.0,-1115000000.0,1058000000.0,-1716000000.0,2670000000.0,-585000000.0,2209000000.0,1624000000.0,3359000000.0,30183000000.0,10679000000.0,14771000000.0,33542000000.0,24954000000.0,58496000000.0,58496000000.0,-4891000000.0,-4891000000.0,-6481000000.0,,1590000000.0,,,,514000000.0,505000000.0,,,2943000000.0,,-39000000.0,3024000000.0,,,,,,4733000000.0,4733000000.0,-15000000.0,,,,,,4733000000.0,4733000000.0,,,,,,,,,
PFE,2022-12-31,-390144000.0,0.096,45095000000.0,31366000000.0,5064000000.0,32889000000.0,41031000000.0,35967000000.0,-987000000.0,1238000000.0,251000000.0,35039856000.0,31372000000.0,63058000000.0,,5733000000.0,5608000000.0,5.47,5.59,31372000000.0,31372000000.0,31372000000.0,31407000000.0,31401000000.0,3328000000.0,34729000000.0,-1556000000.0,2072000000.0,-987000000.0,1238000000.0,251000000.0,37272000000.0,28714000000.0,11428000000.0,13677000000.0,65986000000.0,34344000000.0,100330000000.0,100330000000.0,-4064000000.0,-4064000000.0,-2791000000.0,,-1273000000.0,,,,995000000.0,436000000.0,,,1375000000.0,,-35000000.0,421000000.0,,,,,,3609000000.0,3609000000.0,6000000.0,,,,,0.0,3609000000.0,3609000000.0,,,,,,,,,
PFE,2021-12-31,-212724000.0,0.076,33592000000.0,22413000000.0,5191000000.0,29330000000.0,30793000000.0,25602000000.0,-1255000000.0,1291000000.0,36000000.0,24999276000.0,21979000000.0,57584000000.0,,5708000000.0,5601000000.0,3.85,3.92,21979000000.0,21979000000.0,21979000000.0,22025000000.0,22459000000.0,1852000000.0,24311000000.0,1763000000.0,4091000000.0,-1255000000.0,1291000000.0,36000000.0,23704000000.0,26763000000.0,10360000000.0,12703000000.0,50467000000.0,30821000000.0,81288000000.0,81288000000.0,-2799000000.0,-2799000000.0,-4143000000.0,86000000.0,1344000000.0,,,,3255000000.0,471000000.0,,,802000000.0,,-45000000.0,86000000.0,,,,,,3700000000.0,3700000000.0,-434000000.0,,,,,99000000.0,3700000000.0,3700000000.0,,,,,,,,,
PFE,2020-12-31,-87451677.089255,0.052587,14925000000.0,6630000000.0,4777000000.0,7055000000.0,13262000000.0,8485000000.0,-1376000000.0,1449000000.0,73000000.0,8205548322.910745,9159000000.0,32822000000.0,,5632000000.0,5555000000.0,1.71,1.73,9159000000.0,9159000000.0,9159000000.0,9195000000.0,6666000000.0,370000000.0,7036000000.0,-415000000.0,950000000.0,-1376000000.0,1449000000.0,73000000.0,8829000000.0,24338000000.0,9393000000.0,11597000000.0,33167000000.0,8484000000.0,41651000000.0,41651000000.0,-1663000000.0,-1663000000.0,-2203000000.0,1691000000.0,540000000.0,,,,-298000000.0,298000000.0,,,573000000.0,,-36000000.0,1691000000.0,,,,,,3348000000.0,3348000000.0,2529000000.0,,,,,-237000000.0,3348000000.0,3348000000.0,,,,,,,,,
PFE,2019-12-31,,,,,,,,,,,,,,,,,,,,,,,,,,,,,,,,,,,,,,,,,,,2792000000.0,,,,,,,,,,,,,,,1000000.0,,,,,,,,1000000.0,,32000000.0,,,,,,,,,,,
AVGO,2023-10-31,-15611000.0,0.067,20787000000.0,14082000000.0,3835000000.0,8688000000.0,20554000000.0,16719000000.0,-1087000000.0,1622000000.0,535000000.0,14299389000.0,14082000000.0,19368000000.0,16207000000.0,4270000000.0,4150000000.0,3.298,3.393,14082000000.0,14082000000.0,14082000000.0,14082000000.0,14082000000.0,1015000000.0,15097000000.0,-267000000.0,-34000000.0,-1087000000.0,1622000000.0,535000000.0,16451000000.0,8239000000.0,5253000000.0,1592000000.0,24690000000.0,11129000000.0,35819000000.0,35819000000.0,-233000000.0,-233000000.0,-244000000.0,,11000000.0,,,,,,,,244000000.0,,,,,,,,,1394000000.0,1394000000.0,,,,,,,1394000000.0,1394000000.0,,,,,,,,,
AVGO,2022-10-31,-16950000.0,0.075,19381000000.0,11495000000.0,4984000000.0,7636000000.0,19155000000.0,14171000000.0,-1637000000.0,1737000000.0,100000000.0,11704050000.0,11495000000.0,18921000000.0,14225000000.0,4240601418.0,4100250544.0,2.646368,2.73714,11223000000.0,11223000000.0,11495000000.0,11495000000.0,11495000000.0,939000000.0,12434000000.0,-211000000.0,15000000.0,-1637000000.0,1737000000.0,100000000.0,14282000000.0,7813000000.0,4919000000.0,1382000000.0,22095000000.0,11108000000.0,33203000000.0,33203000000.0,-226000000.0,-226000000.0,-57000000.0,,-169000000.0,,,,,,,,57000000.0,,,,,,,,,1512000000.0,1512000000.0,0.0,,,272000000.0,,,1512000000.0,1512000000.0,,,,,,,,,
AVGO,2021-10-31,-196000.0,0.004,14740000000.0,6736000000.0,6041000000.0,6541000000.0,14691000000.0,8650000000.0,-1869000000.0,1885000000.0,16000000.0,6784804000.0,6736000000.0,18783000000.0,8519000000.0,4300751793.0,4110275607.0,1.49625,1.566075,6437000000.0,6437000000.0,6736000000.0,6736000000.0,6736000000.0,29000000.0,6765000000.0,-33000000.0,16000000.0,-1869000000.0,1885000000.0,16000000.0,8667000000.0,8177000000.0,4854000000.0,1347000000.0,16844000000.0,10606000000.0,27450000000.0,27450000000.0,-49000000.0,-49000000.0,-148000000.0,,99000000.0,,,,,,,,148000000.0,,,,,,,,,1976000000.0,1976000000.0,0.0,,,299000000.0,,,1976000000.0,1976000000.0,,,,,,,,,
AVGO,2020-10-31,-10812000.0,0.212,11176000000.0,2961000000.0,6905000000.0,5868000000.0,11125000000.0,4220000000.0,-1724000000.0,1777000000.0,53000000.0,3001188000.0,2960000000.0,19676000000.0,4014000000.0,4220551294.0,4030075107.0,0.631418,0.660345,2663000000.0,2663000000.0,2960000000.0,2960000000.0,2961000000.0,-518000000.0,2443000000.0,-45000000.0,6000000.0,-1724000000.0,1777000000.0,53000000.0,4212000000.0,9304000000.0,4968000000.0,1935000000.0,13516000000.0,10372000000.0,23888000000.0,23888000000.0,-51000000.0,-51000000.0,-82000000.0,0.0,31000000.0,,,,-116000000.0,,,,198000000.0,,0.0,,,,,,,2401000000.0,2401000000.0,-1000000.0,,,297000000.0,,,2401000000.0,2401000000.0,,,,,,,,,
AVGO,2019-10-31,,,,,,,,,,,,,,,,,,,,,,,,,,,,,,,,,,,,,,,,,,,0.0,,,,,,,,,,,0.0,,,,,,,,,-12000000.0,,,29000000.0,,,,,,,,,,,,,
COST,2023-08-31,7511000.0,0.259,10695000000.0,6292000000.0,2077000000.0,212586000000.0,10724000000.0,8647000000.0,344000000.0,160000000.0,504000000.0,6270511000.0,6292000000.0,234176000000.0,8114000000.0,444452000.0,443854000.0,14.16,14.18,6292000000.0,6292000000.0,6292000000.0,6292000000.0,6292000000.0,2195000000.0,8487000000.0,29000000.0,,344000000.0,160000000.0,504000000.0,8114000000.0,21590000000.0,,21590000000.0,29704000000.0,212586000000.0,242290000000.0,242290000000.0,29000000.0,29000000.0,,,29000000.0,,,,,,,,,,0.0,,,,,,-34000000.0,,,,,,,,,,,,,,,,,,,
COST,2022-08-31,26076000.0,0.246,9792000000.0,5844000000.0,1900000000.0,199382000000.0,9898000000.0,7998000000.0,-59000000.0,158000000.0,99000000.0,5764076000.0,5844000000.0,219161000000.0,7793000000.0,444757000.0,443651000.0,13.14,13.17,5844000000.0,5844000000.0,5844000000.0,5915000000.0,5915000000.0,1925000000.0,7840000000.0,106000000.0,38000000.0,-59000000.0,158000000.0,99000000.0,7793000000.0,19779000000.0,,19779000000.0,27572000000.0,199382000000.0,226954000000.0,226954000000.0,106000000.0,106000000.0,,,106000000.0,,,,,,,,,,-71000000.0,,,,,,-38000000.0,,,,,,,,,,,,,,,,,,,
COST,2021-08-31,13440000.0,0.24,8576000000.0,5007000000.0,1781000000.0,170684000000.0,8632000000.0,6851000000.0,-84000000.0,171000000.0,87000000.0,4964440000.0,5007000000.0,189221000000.0,6708000000.0,444346000.0,443089000.0,11.27,11.3,5007000000.0,5007000000.0,5007000000.0,5079000000.0,5079000000.0,1601000000.0,6680000000.0,56000000.0,46000000.0,-84000000.0,171000000.0,87000000.0,6708000000.0,18537000000.0,,18537000000.0,25245000000.0,170684000000.0,195929000000.0,195929000000.0,56000000.0,56000000.0,,,56000000.0,,,,,,,76000000.0,,,-72000000.0,,,,,,-46000000.0,,,,,,,,,,,,,,,,,,,
COST,2020-08-31,1708000.0,0.244,7169000000.0,4002000000.0,1645000000.0,144939000000.0,7176000000.0,5531000000.0,-75000000.0,164000000.0,89000000.0,3996708000.0,4002000000.0,161326000000.0,5435000000.0,443901000.0,442297000.0,9.02,9.05,4002000000.0,4002000000.0,4002000000.0,4059000000.0,4059000000.0,1308000000.0,5367000000.0,7000000.0,-4000000.0,-75000000.0,164000000.0,89000000.0,5435000000.0,16387000000.0,,16387000000.0,21822000000.0,144939000000.0,166761000000.0,166761000000.0,7000000.0,7000000.0,,,7000000.0,,,,,,,55000000.0,,,-57000000.0,,,,,,4000000.0,,,,,,,,,,,,,,,,,,,
TMO,2023-12-31,-20655000.0,0.045,11538000000.0,5995000000.0,3406000000.0,25757000000.0,11079000000.0,7673000000.0,-496000000.0,1375000000.0,879000000.0,6433345000.0,5995000000.0,35539000000.0,6859000000.0,388000000.0,386000000.0,15.45,15.52,5995000000.0,5995000000.0,5995000000.0,5955000000.0,5955000000.0,284000000.0,6298000000.0,-524000000.0,-65000000.0,-496000000.0,1375000000.0,879000000.0,7318000000.0,9782000000.0,1337000000.0,8445000000.0,17100000000.0,25757000000.0,42857000000.0,42857000000.0,-459000000.0,-459000000.0,-459000000.0,,,,,,,,-59000000.0,,459000000.0,,40000000.0,,,,,,,,,,,,,,,,,,,,,,,,,
TMO,2022-12-31,-10260000.0,0.09,12056000000.0,6950000000.0,3381000000.0,25944000000.0,11942000000.0,8561000000.0,-454000000.0,726000000.0,272000000.0,7053740000.0,6950000000.0,36408000000.0,8393000000.0,394000000.0,392000000.0,17.63,17.75,6950000000.0,6950000000.0,6950000000.0,6960000000.0,6960000000.0,703000000.0,7835000000.0,-218000000.0,-104000000.0,-454000000.0,726000000.0,272000000.0,8507000000.0,10464000000.0,1471000000.0,8993000000.0,18971000000.0,25944000000.0,44915000000.0,44915000000.0,-114000000.0,-114000000.0,-114000000.0,,,,,,,,-172000000.0,,114000000.0,,-10000000.0,,,,,,,,,,,,,,,,,,,,,,,,,
TMO,2021-12-31,-24625000.0,0.125,12166000000.0,7725000000.0,2592000000.0,19573000000.0,11969000000.0,9377000000.0,-493000000.0,536000000.0,43000000.0,7897375000.0,7725000000.0,28986000000.0,10028000000.0,397000000.0,394000000.0,19.46,19.62,7725000000.0,7725000000.0,7725000000.0,7728000000.0,7728000000.0,1109000000.0,8841000000.0,-891000000.0,-694000000.0,-493000000.0,536000000.0,43000000.0,10225000000.0,9413000000.0,1406000000.0,8007000000.0,19638000000.0,19573000000.0,39211000000.0,39211000000.0,-197000000.0,-197000000.0,-197000000.0,,,,,,,,-4000000.0,,197000000.0,,-3000000.0,,,,,,,,,,,,,,,,,,,,,,,,,
TMO,2020-12-31,-11682000.0,0.118,10207000000.0,6375000000.0,2325000000.0,16214000000.0,10108000000.0,7783000000.0,-488000000.0,553000000.0,65000000.0,6462318000.0,6375000000.0,24325000000.0,7794000000.0,399000000.0,396000000.0,15.96,16.09,6375000000.0,6375000000.0,6375000000.0,6377000000.0,6377000000.0,850000000.0,7230000000.0,-175000000.0,-76000000.0,-488000000.0,553000000.0,65000000.0,7893000000.0,8111000000.0,1181000000.0,6930000000.0,16004000000.0,16214000000.0,32218000000.0,32218000000.0,-99000000.0,-99000000.0,-99000000.0,,,,,,,,-3000000.0,,99000000.0,,-2000000.0,,,,,,,,,,,,,,,,,,,,,,,,,
MCD,2023-12-31,-45493500.0,0.195,14094500000.0,8468800000.0,1978200000.0,9334700000.0,13861200000.0,11883000000.0,-1174800000.0,1360800000.0,186000000.0,8656606500.0,8468800000.0,13748100000.0,11646700000.0,732300000.0,727900000.0,11.56,11.63,8468800000.0,8468800000.0,8468800000.0,8468800000.0,8468800000.0,2053400000.0,10522200000.0,-48900000.0,31000000.0,-1174800000.0,1360800000.0,186000000.0,11745600000.0,2816900000.0,,2435200000.0,14562500000.0,10931200000.0,25493700000.0,25178100000.0,-233300000.0,-233300000.0,-252300000.0,362300000.0,19000000.0,,,,,153400000.0,,,,4773900000.0,,,,,,,,381700000.0,381700000.0,,,,,103200000.0,6800000.0,,,,,,,,,,,
MCD,2022-12-31,-201040800.0,0.211,11855800000.0,6177400000.0,1870600000.0,8475200000.0,10903000000.0,9032400000.0,-1163000000.0,1207000000.0,44000000.0,6929159200.0,6177400000.0,12838000000.0,9371000000.0,741300000.0,731300000.0,8.33,8.447149,6177400000.0,6177400000.0,6177400000.0,6177400000.0,6177400000.0,1648000000.0,7825400000.0,-1356600000.0,-517000000.0,-1163000000.0,1207000000.0,44000000.0,10344600000.0,2862600000.0,,2492200000.0,13207200000.0,9975400000.0,23182600000.0,22854200000.0,-952800000.0,-952800000.0,-1086800000.0,1009800000.0,134000000.0,,,,,113200000.0,,,,4375900000.0,,,,,,,,370400000.0,370400000.0,,,,,59800000.0,-136800000.0,,,,,,,,,,,
MCD,2021-12-31,46640800.0,0.173,11912200000.0,7545200000.0,1868100000.0,9104300000.0,12181800000.0,10313700000.0,-1176800000.0,1185800000.0,9000000.0,7322240800.0,7545200000.0,13350200000.0,10356000000.0,751800000.0,744800000.0,10.04,10.130505,7545200000.0,7545200000.0,7545200000.0,7545200000.0,7545200000.0,1582700000.0,9127900000.0,432300000.0,-14000000.0,-1176800000.0,1185800000.0,9000000.0,9872700000.0,2707500000.0,,2377800000.0,12580200000.0,10642700000.0,23222900000.0,22872800000.0,269600000.0,269600000.0,306600000.0,-285400000.0,-37000000.0,,,,,176700000.0,,,,4608300000.0,,,,,,,,329700000.0,329700000.0,,,,,96600000.0,-75400000.0,,,,,,,,,,,
MCD,2020-12-31,713000.0,0.23,9107100000.0,4730500000.0,1751400000.0,8004900000.0,9110200000.0,7358800000.0,-1200100000.0,1218100000.0,18000000.0,4728113000.0,4730500000.0,12001300000.0,7324000000.0,750100000.0,745400000.0,6.31,6.346257,4730500000.0,4730500000.0,4730500000.0,4730500000.0,4730500000.0,1410200000.0,6140700000.0,134500000.0,14000000.0,-1200100000.0,1218100000.0,18000000.0,7206500000.0,2545600000.0,,2245000000.0,9752100000.0,9455700000.0,19207800000.0,18865300000.0,3100000.0,3100000.0,100000.0,-267500000.0,3000000.0,,,,,117400000.0,,,,4208100000.0,,-267500000.0,,,,,,300600000.0,300600000.0,,,,,23300000.0,-290700000.0,,,,,,,,,,,
MCD,2019-12-31,,,,,,,,,,,,,,,,,,,,,,,,,,,,,,,,,,,,,,,,,,,,,,,,,,,,,,,74300000.0,,,,,,,,,,,,,,,,,,,,,,,,
WMT,2024-01-31,0.0,0.255,36384000000.0,15511000000.0,11853000000.0,490142000000.0,36384000000.0,24531000000.0,-2137000000.0,2683000000.0,546000000.0,15511000000.0,15511000000.0,621113000000.0,27012000000.0,8109000000.0,8076000000.0,1.913333,1.92,15511000000.0,15511000000.0,15511000000.0,16270000000.0,16270000000.0,5578000000.0,21848000000.0,-3027000000.0,-3027000000.0,-2137000000.0,2683000000.0,546000000.0,27012000000.0,130971000000.0,,130971000000.0,157983000000.0,490142000000.0,648125000000.0,648125000000.0,0.0,0.0,0.0,,,,,,,,,,,,-759000000.0,,,,,,,,,,,,,,,,,,,,,,,,,
WMT,2023-01-31,0.0,0.336,30089000000.0,11680000000.0,10945000000.0,463721000000.0,30089000000.0,19144000000.0,-1874000000.0,2128000000.0,254000000.0,11680000000.0,11680000000.0,590861000000.0,20428000000.0,8202000000.0,8172000000.0,1.423333,1.43,11680000000.0,11680000000.0,11680000000.0,11292000000.0,11292000000.0,5724000000.0,17016000000.0,-1538000000.0,-1538000000.0,-1874000000.0,2128000000.0,254000000.0,20428000000.0,127140000000.0,,127140000000.0,147568000000.0,463721000000.0,611289000000.0,611289000000.0,0.0,0.0,0.0,,,,,,,,,,,,388000000.0,,,,,,,,,,,,,,,,,,,,,,,,,
WMT,2022-01-31,-612140000.0,0.254,33758000000.0,13673000000.0,10658000000.0,429000000000.0,31348000000.0,20690000000.0,-1836000000.0,1994000000.0,158000000.0,15470860000.0,13673000000.0,546812000000.0,25942000000.0,8415000000.0,8376000000.0,1.623333,1.633333,13673000000.0,13673000000.0,13673000000.0,13940000000.0,13940000000.0,4756000000.0,18696000000.0,-5410000000.0,-3000000000.0,-1836000000.0,1994000000.0,158000000.0,25942000000.0,117812000000.0,,117812000000.0,143754000000.0,429000000000.0,572754000000.0,572754000000.0,-2410000000.0,-2410000000.0,-2410000000.0,,,,,,2410000000.0,,,,,,-267000000.0,,,,,,,,,,,,,,,,,,,,,,,,,
WMT,2021-01-31,0.0,0.333,34031000000.0,13510000000.0,11152000000.0,420315000000.0,34031000000.0,22879000000.0,-2194000000.0,2315000000.0,121000000.0,13510000000.0,13510000000.0,536603000000.0,22548000000.0,8541000000.0,8493000000.0,1.583333,1.59,13510000000.0,13510000000.0,13510000000.0,13706000000.0,13706000000.0,6858000000.0,20564000000.0,210000000.0,210000000.0,-2194000000.0,2315000000.0,121000000.0,22548000000.0,116288000000.0,,116288000000.0,138836000000.0,420315000000.0,559151000000.0,559151000000.0,0.0,0.0,0.0,,,,,,,,,,,,-196000000.0,,,,,,,,,,,,,,,,,,,,,,,,,
CSCO,2024-07-31,-148980000.0,0.156,16702000000.0,10320000000.0,2507000000.0,17166000000.0,15747000000.0,13240000000.0,359000000.0,1006000000.0,1365000000.0,11126020000.0,10320000000.0,40833000000.0,12181000000.0,,,,,10320000000.0,10320000000.0,10320000000.0,10320000000.0,10320000000.0,1914000000.0,12234000000.0,-1095000000.0,-140000000.0,359000000.0,1006000000.0,1365000000.0,12970000000.0,21858000000.0,7983000000.0,13177000000.0,34828000000.0,18975000000.0,53803000000.0,53803000000.0,-955000000.0,-955000000.0,-789000000.0,,-166000000.0,10364000000.0,2813000000.0,2813000000.0,,,,,789000000.0,,,,,,,,,698000000.0,698000000.0,,,,,,,698000000.0,698000000.0,,,,,,,,,
CSCO,2023-07-31,-125316000.0,0.177,18179000000.0,12613000000.0,1726000000.0,19801000000.0,17471000000.0,15745000000.0,535000000.0,427000000.0,962000000.0,13195684000.0,12613000000.0,41436000000.0,15031000000.0,4105000000.0,4093000000.0,3.07,3.08,12613000000.0,12613000000.0,12613000000.0,12613000000.0,12613000000.0,2705000000.0,15318000000.0,-779000000.0,-71000000.0,535000000.0,427000000.0,962000000.0,15562000000.0,20191000000.0,7551000000.0,12358000000.0,35753000000.0,21245000000.0,56998000000.0,56998000000.0,-708000000.0,-708000000.0,-531000000.0,,-177000000.0,9880000000.0,2478000000.0,2478000000.0,,,,,531000000.0,,,,,,,,,282000000.0,282000000.0,,,,,,,282000000.0,282000000.0,,,,,,,,,
CSCO,2022-07-31,82984000.0,0.184,16343000000.0,11812000000.0,1957000000.0,17665000000.0,16794000000.0,14837000000.0,116000000.0,360000000.0,476000000.0,11443984000.0,11812000000.0,37582000000.0,13969000000.0,4192000000.0,4170000000.0,2.82,2.83,11812000000.0,11812000000.0,11812000000.0,11812000000.0,11812000000.0,2665000000.0,14477000000.0,386000000.0,-65000000.0,116000000.0,360000000.0,476000000.0,13975000000.0,18273000000.0,6774000000.0,11186000000.0,32248000000.0,19309000000.0,51557000000.0,51557000000.0,451000000.0,451000000.0,-6000000.0,,457000000.0,9085000000.0,2101000000.0,2101000000.0,,,,,6000000.0,,,,,,,,,313000000.0,313000000.0,,,,,,,313000000.0,313000000.0,,,,,,,,,
CSCO,2021-07-31,-112761000.0,0.201,16119000000.0,10591000000.0,1862000000.0,16277000000.0,15558000000.0,13696000000.0,184000000.0,434000000.0,618000000.0,11039239000.0,10591000000.0,36099000000.0,12833000000.0,4236000000.0,4222000000.0,2.5,2.51,10591000000.0,10591000000.0,10591000000.0,10591000000.0,10591000000.0,2671000000.0,13262000000.0,-641000000.0,-80000000.0,184000000.0,434000000.0,618000000.0,13719000000.0,18175000000.0,6549000000.0,11411000000.0,31894000000.0,17924000000.0,49818000000.0,49818000000.0,-561000000.0,-561000000.0,-886000000.0,,325000000.0,9259000000.0,2152000000.0,2152000000.0,,,,,886000000.0,,,,,,,,,215000000.0,215000000.0,,,,,,,215000000.0,215000000.0,,,,,,,,,
CSCO,2020-07-31,,,,,,,,,,,,,,,,4254000000.0,4236000000.0,2.64,2.65,,,,,,,,,,,,,,,,,,,,,,,,,,,,,,,,,,,,,,,,,,,,,,,,,,,,,,,,,,,,
ACN,2023-08-31,0.0,0.234,10587612000.0,6871557000.0,1400755000.0,43380138000.0,10587612000.0,9186857000.0,232884000.0,47525000.0,280409000.0,6871557000.0,6871557000.0,55301856000.0,8809889000.0,638591616.0,630608186.0,10.77,10.9,6878761000.0,6871557000.0,6871557000.0,7003530000.0,7003530000.0,2135802000.0,9139332000.0,96559000.0,96559000.0,232884000.0,47525000.0,280409000.0,8809889000.0,11921718000.0,,10858572000.0,20731607000.0,43380138000.0,64111745000.0,64111745000.0,0.0,0.0,0.0,,,6582629000.0,4275943000.0,4275943000.0,,,,1063146000.0,,,-131973000.0,,,,7204000.0,,,,,,,,,0.0,,,,,,,,,,,,
ACN,2022-08-31,-23110560.0,0.24,10650519000.0,6877169000.0,1310738000.0,41892766000.0,10554225000.0,9243487000.0,-2187000.0,47320000.0,45133000.0,6950352440.0,6877169000.0,52227124000.0,9367181000.0,642839181.0,632762710.0,10.71,10.87,6884517000.0,6877169000.0,6877169000.0,6988960000.0,6988960000.0,2207207000.0,9196167000.0,-168827000.0,-72533000.0,-2187000.0,47320000.0,45133000.0,9367181000.0,10334358000.0,,10334358000.0,19701539000.0,41892766000.0,61594305000.0,61594305000.0,-96294000.0,-96294000.0,-96294000.0,,,6108401000.0,4225957000.0,4225957000.0,,,,,,,-111791000.0,,,,7348000.0,,,,,,,,,-96294000.0,,,,,,,,,,,,
ACN,2021-08-31,0.0,0.228,9711850000.0,5906809000.0,1891242000.0,34169261000.0,9711850000.0,7820608000.0,-26127000.0,59492000.0,33365000.0,5906809000.0,5906809000.0,42911860000.0,7621529000.0,645909042.0,634745073.0,9.16,9.31,5913348000.0,5906809000.0,5906809000.0,5990545000.0,5990545000.0,1770571000.0,7761116000.0,165714000.0,165714000.0,-26127000.0,59492000.0,33365000.0,7621529000.0,8742599000.0,,8742599000.0,16364128000.0,34169261000.0,50533389000.0,50533389000.0,0.0,0.0,0.0,,,5288237000.0,3454362000.0,3454362000.0,,,,,,,-83736000.0,,,,6539000.0,,,,,,,,,0.0,,,,,,,,,,,,
ACN,2020-08-31,0.0,0.234565,8580526000.0,5107839000.0,1773124000.0,30350881000.0,8580526000.0,6807402000.0,36260000.0,33071000.0,69331000.0,5107839000.0,5107839000.0,37813395000.0,6513644000.0,647797003.0,636299913.0,7.89,8.03,5114164000.0,5107839000.0,5107839000.0,5185313000.0,5185313000.0,1589018000.0,6774331000.0,224427000.0,224427000.0,36260000.0,33071000.0,69331000.0,6513644000.0,7462514000.0,,7462514000.0,13976158000.0,30350881000.0,44327039000.0,44327039000.0,0.0,0.0,0.0,,,4625929000.0,2836585000.0,2836585000.0,,,,,,,-77474000.0,,,,6325000.0,,,,,,,,,0.0,,,,,,,,,,,,
ABT,2023-12-31,-5781000.0,0.141,10585000000.0,5723000000.0,3243000000.0,16698000000.0,10544000000.0,7301000000.0,-252000000.0,637000000.0,385000000.0,5758219000.0,5723000000.0,33631000000.0,6478000000.0,1749000000.0,1734076358.0,3.26,3.300316,5723000000.0,5723000000.0,5723000000.0,5723000000.0,5723000000.0,941000000.0,6664000000.0,438000000.0,479000000.0,-252000000.0,637000000.0,385000000.0,6478000000.0,15656000000.0,2741000000.0,10949000000.0,22134000000.0,17975000000.0,40109000000.0,40109000000.0,-41000000.0,-41000000.0,,,-41000000.0,,,,,,,,,,,,,,,,,1966000000.0,1966000000.0,,,,,,,1966000000.0,1966000000.0,,,,,,,,,
ABT,2022-12-31,-330000.0,0.165,12133000000.0,6933000000.0,3267000000.0,17888000000.0,12131000000.0,8864000000.0,-375000000.0,558000000.0,183000000.0,6934670000.0,6933000000.0,35291000000.0,8362000000.0,1764000000.0,1737795021.0,3.91,3.989538,6933000000.0,6933000000.0,6933000000.0,6933000000.0,6933000000.0,1373000000.0,8306000000.0,319000000.0,321000000.0,-375000000.0,558000000.0,183000000.0,8362000000.0,16149000000.0,2888000000.0,11248000000.0,24511000000.0,19142000000.0,43653000000.0,43653000000.0,-2000000.0,-2000000.0,,,-2000000.0,,,,,,,,,,,,,,,,,2013000000.0,2013000000.0,0.0,,,,,,2013000000.0,2013000000.0,,,,,,,,,
ABT,2021-12-31,-139000.0,0.139,12283000000.0,7071000000.0,3538000000.0,17046000000.0,12282000000.0,8744000000.0,-490000000.0,533000000.0,43000000.0,7071861000.0,7071000000.0,34650000000.0,8425000000.0,1789000000.0,1764082193.0,3.94,4.008317,7071000000.0,7071000000.0,7071000000.0,7071000000.0,7071000000.0,1140000000.0,8211000000.0,276000000.0,277000000.0,-490000000.0,533000000.0,43000000.0,8425000000.0,16113000000.0,2742000000.0,11324000000.0,24538000000.0,18537000000.0,43075000000.0,43075000000.0,-1000000.0,-1000000.0,0.0,,-1000000.0,,,,,,,,,,,,,,,,,2047000000.0,2047000000.0,0.0,,,,,,2047000000.0,2047000000.0,,,,,,,,,
ABT,2020-12-31,800000.0,0.1,8833000000.0,4471000000.0,3327000000.0,13808000000.0,8841000000.0,5514000000.0,-500000000.0,546000000.0,46000000.0,4463800000.0,4495000000.0,29251000000.0,5357000000.0,1786000000.0,1771230274.0,2.5,2.537784,4495000000.0,4495000000.0,4495000000.0,4495000000.0,4471000000.0,497000000.0,4968000000.0,111000000.0,103000000.0,-500000000.0,546000000.0,46000000.0,5357000000.0,14248000000.0,2420000000.0,9696000000.0,19605000000.0,15003000000.0,34608000000.0,34608000000.0,8000000.0,8000000.0,0.0,,8000000.0,,,,,,,,,,,,,,,,,2132000000.0,2132000000.0,24000000.0,,,,,,2132000000.0,2132000000.0,,,,,,,,,
ABT,2019-12-31,,,,,,,,,,,,,,,,,,,,,,,,,,,,,,,,,,,,,,,,,,-63000000.0,,,,,,63000000.0,,,,,,,,,,,,,,,0.0,,,,,,,,,,,,,,,,
DHR,2023-12-31,-42217000.0,0.163,7755000000.0,4221000000.0,2166000000.0,9856000000.0,7496000000.0,5330000000.0,17000000.0,286000000.0,303000000.0,4437783000.0,4764000000.0,18611000000.0,5202000000.0,743100000.0,736500000.0,6.38,6.44,4743000000.0,4743000000.0,4764000000.0,4764000000.0,4221000000.0,823000000.0,5044000000.0,-252000000.0,7000000.0,17000000.0,286000000.0,303000000.0,5279000000.0,8755000000.0,1503000000.0,7252000000.0,14034000000.0,9856000000.0,23890000000.0,23890000000.0,-259000000.0,-259000000.0,-108000000.0,108000000.0,-151000000.0,,,,,,,,,,,,,,,,,,,543000000.0,,,21000000.0,0.0,,,,,,,,,,,,
DHR,2022-12-31,-30894000.0,0.114,9753000000.0,6328000000.0,2132000000.0,10455000000.0,9482000000.0,7350000000.0,-163000000.0,204000000.0,41000000.0,6568106000.0,7209000000.0,19107000000.0,7536000000.0,737100000.0,725100000.0,9.66,9.8,7103000000.0,7103000000.0,7209000000.0,7209000000.0,6328000000.0,818000000.0,7146000000.0,-227000000.0,44000000.0,-163000000.0,204000000.0,41000000.0,7536000000.0,8652000000.0,1528000000.0,7124000000.0,16188000000.0,10455000000.0,26643000000.0,26643000000.0,-271000000.0,-271000000.0,-91000000.0,91000000.0,-180000000.0,,,,,,,,,,,,,,,,,,,881000000.0,,,106000000.0,0.0,,,,,,,,,,,,
DHR,2021-12-31,48900000.0,0.163,8504000000.0,5447000000.0,2062000000.0,9563000000.0,8804000000.0,6742000000.0,-220000000.0,231000000.0,11000000.0,5195900000.0,6433000000.0,18415000000.0,6377000000.0,736800000.0,714600000.0,8.61,8.77,6269000000.0,6269000000.0,6433000000.0,6433000000.0,5447000000.0,1064000000.0,6511000000.0,344000000.0,44000000.0,-220000000.0,231000000.0,11000000.0,6387000000.0,8852000000.0,1498000000.0,6807000000.0,15239000000.0,9563000000.0,24802000000.0,24802000000.0,300000000.0,300000000.0,-101000000.0,10000000.0,401000000.0,,,,96000000.0,,,547000000.0,,,,,,,,,,,,986000000.0,,,164000000.0,5000000.0,,,,,,,,,,,,
DHR,2020-12-31,84483000.0,0.189,6098000000.0,3646000000.0,1775000000.0,9809000000.0,6545000000.0,4770000000.0,-204000000.0,275000000.0,71000000.0,3283483000.0,3646000000.0,18053000000.0,4231000000.0,718700000.0,706200000.0,4.89,4.97,3510000000.0,3510000000.0,3646000000.0,3646000000.0,3646000000.0,849000000.0,4495000000.0,468000000.0,21000000.0,-204000000.0,275000000.0,71000000.0,4231000000.0,8244000000.0,1348000000.0,6896000000.0,12475000000.0,9809000000.0,22284000000.0,22284000000.0,447000000.0,447000000.0,429000000.0,,18000000.0,,,,26000000.0,,,,,,,,,,1000000.0,,,,,0.0,,,136000000.0,455000000.0,,,,,,,,,,,,
DHR,2019-12-31,,,,,,,,,,,,,,,,,,,,,,,,,,,,,,,,,,,,,,,,,,,,,,,,7000000.0,,,,,,,,,,,,,,,,,,,,,,,,,,,,,,,
NFLX,2023-12-31,0.0,0.13,21508387000.0,5407990000.0,14554384000.0,19715368000.0,21508387000.0,6954003000.0,-748598000.0,748598000.0,,5407990000.0,5407990000.0,26769294000.0,6954003000.0,449498000.0,441571000.0,12.03,12.25,5407990000.0,5407990000.0,5407990000.0,5407990000.0,5407990000.0,797415000.0,6205405000.0,,,-748598000.0,748598000.0,,6954003000.0,7053926000.0,2675758000.0,4378168000.0,14007929000.0,19715368000.0,33723297000.0,33723297000.0,,,,,,2657883000.0,1720285000.0,1720285000.0,,,,,,,,,,,,,,,,,,,,,,,,,,,,,,,,
NFLX,2022-12-31,0.0,0.15,20332955000.0,4491924000.0,14362814000.0,19168285000.0,20332955000.0,5970141000.0,-368902000.0,706212000.0,337310000.0,4491924000.0,4491924000.0,25982719000.0,5632831000.0,451290000.0,444698000.0,9.95,10.1,4491924000.0,4491924000.0,4491924000.0,4491924000.0,4491924000.0,772005000.0,5263929000.0,,,-368902000.0,706212000.0,337310000.0,5632831000.0,6814434000.0,2711041000.0,4103393000.0,12447265000.0,19168285000.0,31615550000.0,31615550000.0,,,,,,2530502000.0,1572891000.0,1572891000.0,,,,,,,,,,,,,,,,,,,,,,,,,,,,,,,,
NFLX,2021-12-31,0.0,0.12,19044502000.0,5116228000.0,12438779000.0,17332683000.0,19044502000.0,6605723000.0,-354406000.0,765620000.0,411214000.0,5116228000.0,5116228000.0,23503335000.0,6194509000.0,455372000.0,443155000.0,11.24,11.55,5116228000.0,5116228000.0,5116228000.0,5116228000.0,5116228000.0,723875000.0,5840103000.0,,,-354406000.0,765620000.0,411214000.0,6194509000.0,6170652000.0,2273885000.0,3896767000.0,12365161000.0,17332683000.0,29697844000.0,29697844000.0,,,,,,2545146000.0,1351621000.0,1351621000.0,,,,,,,,,,,,,,,,,,,,,,,,,,,,,,,,
NFLX,2020-12-31,0.0,0.14,15507911000.0,2761395000.0,10922622000.0,15276319000.0,15507911000.0,4585289000.0,-1385940000.0,1385940000.0,,2761395000.0,2761395000.0,20410767000.0,4585289000.0,454208000.0,440922000.0,6.08,6.26,2761395000.0,2761395000.0,2761395000.0,2761395000.0,2761395000.0,437954000.0,3199349000.0,,,-1385940000.0,1385940000.0,,4585289000.0,5134448000.0,1829600000.0,3304848000.0,9719737000.0,15276319000.0,24996056000.0,24996056000.0,,,,,,2228362000.0,1076486000.0,1076486000.0,,,,,,,,,,,,,,,,,,,,,,,,,,,,,,,,
NFLX,2019-12-31,,,,,,,,,,,84000000.0,,,,,,,,,,,,,,,,,,,,84000000.0,,,,,,,,,,,,,,,,,,,,,,,,,,,,,,,,,,,,,,,,,,,,,,,,
LIN,2023-12-31,-21111000.0,0.227,12310000000.0,6199000000.0,3816000000.0,17492000000.0,12217000000.0,8401000000.0,-200000000.0,413000000.0,213000000.0,6270889000.0,6199000000.0,24585000000.0,8024000000.0,492290000.0,488191000.0,12.59,12.7,6199000000.0,6199000000.0,6199000000.0,6341000000.0,6341000000.0,1814000000.0,7988000000.0,-81000000.0,12000000.0,-200000000.0,413000000.0,213000000.0,8269000000.0,7093000000.0,146000000.0,3131000000.0,15362000000.0,17492000000.0,32854000000.0,32854000000.0,-93000000.0,-93000000.0,-46000000.0,,-47000000.0,1330000000.0,1801000000.0,1965000000.0,,,167000000.0,,52000000.0,,-142000000.0,,,,,,,3816000000.0,3816000000.0,0.0,-164000000.0,,,,6000000.0,550000000.0,550000000.0,3266000000.0,,,,,,,,
LIN,2022-12-31,-276871000.0,0.259,11031000000.0,4147000000.0,4204000000.0,19450000000.0,9962000000.0,5758000000.0,-63000000.0,215000000.0,152000000.0,4939129000.0,4147000000.0,26667000000.0,5369000000.0,504038000.0,499736000.0,8.23,8.3,4147000000.0,4147000000.0,4147000000.0,4281000000.0,4281000000.0,1434000000.0,5543000000.0,-1091000000.0,-22000000.0,-63000000.0,215000000.0,152000000.0,6697000000.0,7217000000.0,143000000.0,2870000000.0,13914000000.0,19450000000.0,33364000000.0,33364000000.0,-1069000000.0,-1069000000.0,-1051000000.0,,-18000000.0,1295000000.0,1575000000.0,1812000000.0,890000000.0,,172000000.0,,152000000.0,,-134000000.0,,,,,,-35000000.0,4204000000.0,4204000000.0,0.0,-237000000.0,,,,-9000000.0,571000000.0,571000000.0,3633000000.0,,,,,,,,
LIN,2021-12-31,-16087468.131006,0.2475,9969000000.0,3821000000.0,4635000000.0,17543000000.0,9904000000.0,5269000000.0,-77000000.0,170000000.0,93000000.0,3869912531.868994,3826000000.0,25318000000.0,4984000000.0,521875000.0,516896000.0,7.33,7.4,3826000000.0,3826000000.0,3826000000.0,3961000000.0,3956000000.0,1262000000.0,5099000000.0,-299000000.0,-234000000.0,-77000000.0,170000000.0,93000000.0,5475000000.0,7775000000.0,143000000.0,2997000000.0,13250000000.0,17543000000.0,30793000000.0,30793000000.0,-65000000.0,-65000000.0,-36000000.0,,-29000000.0,1342000000.0,1655000000.0,1847000000.0,,,119000000.0,,5000000.0,,-135000000.0,,,,,,-53000000.0,4635000000.0,4635000000.0,5000000.0,-192000000.0,,,0.0,-31000000.0,723000000.0,723000000.0,3912000000.0,,,,,,,,
LIN,2020-12-31,-27782801.41844,0.250296,8376000000.0,2497000000.0,4626000000.0,15383000000.0,8265000000.0,3639000000.0,-115000000.0,255000000.0,140000000.0,2580217198.58156,2501000000.0,23354000000.0,3322000000.0,531157000.0,526736000.0,4.71,4.75,2501000000.0,2501000000.0,2501000000.0,2626000000.0,2622000000.0,847000000.0,3384000000.0,-390000000.0,-279000000.0,-115000000.0,255000000.0,140000000.0,3889000000.0,7971000000.0,152000000.0,3193000000.0,11860000000.0,15383000000.0,27243000000.0,27243000000.0,-111000000.0,-111000000.0,-83000000.0,,-28000000.0,1303000000.0,1890000000.0,1890000000.0,,,85000000.0,,5000000.0,,-125000000.0,,,,,,-85000000.0,4626000000.0,4626000000.0,4000000.0,,,,0.0,-78000000.0,765000000.0,765000000.0,3861000000.0,,,,,,,,
LIN,2019-12-31,,,,,,,,,,,,,,,,,,,,,,,,,,,,,,,,,,,,,,,,,,,,,,,,,,,567000000.0,,,,,,,,,-96000000.0,,,,,,,164000000.0,,,,,,,,,,,,
VZ,2023-12-31,-1593504000.0,0.288,45668000000.0,11614000000.0,17624000000.0,54887000000.0,40135000000.0,22511000000.0,-5170000000.0,5524000000.0,354000000.0,15553496000.0,11614000000.0,105256000000.0,22877000000.0,4215000000.0,4211000000.0,2.75,2.76,11614000000.0,11614000000.0,11614000000.0,12095000000.0,12095000000.0,4892000000.0,16987000000.0,-6561000000.0,-975000000.0,-5170000000.0,5524000000.0,354000000.0,28718000000.0,50369000000.0,,32745000000.0,79087000000.0,54887000000.0,133974000000.0,133974000000.0,-5533000000.0,-5533000000.0,-5533000000.0,,,,,,-308000000.0,-53000000.0,,,,,-481000000.0,5841000000.0,,,,,,17624000000.0,17624000000.0,,,,,,,,,,,,,,,,,
VZ,2022-12-31,-248787000.0,0.231,50060000000.0,21256000000.0,17099000000.0,59133000000.0,48983000000.0,31884000000.0,-3467000000.0,3613000000.0,146000000.0,22084213000.0,21256000000.0,106368000000.0,30467000000.0,4204000000.0,4202000000.0,5.06,5.06,21256000000.0,21256000000.0,21256000000.0,21748000000.0,21748000000.0,6523000000.0,28271000000.0,1271000000.0,2304000000.0,-3467000000.0,3613000000.0,146000000.0,30467000000.0,47235000000.0,,30136000000.0,77702000000.0,59133000000.0,136835000000.0,136835000000.0,-1077000000.0,-1077000000.0,-1077000000.0,,,,,,1077000000.0,44000000.0,,,,,-492000000.0,0.0,,,,,,17099000000.0,17099000000.0,,,,,,,,,,,,,,,,,
VZ,2021-12-31,-818690754.588715,0.231203,52652000000.0,22065000000.0,16206000000.0,56301000000.0,49111000000.0,32905000000.0,-3437000000.0,3485000000.0,48000000.0,24787309245.411285,22065000000.0,101165000000.0,32448000000.0,4150000000.0,4148000000.0,5.32,5.32,22065000000.0,22065000000.0,22065000000.0,22618000000.0,22618000000.0,6802000000.0,29420000000.0,409000000.0,3805000000.0,-3437000000.0,3485000000.0,48000000.0,32448000000.0,44864000000.0,,28658000000.0,77312000000.0,56301000000.0,133613000000.0,133613000000.0,-3541000000.0,-3541000000.0,-3541000000.0,,,,,,3541000000.0,145000000.0,,,,,-553000000.0,0.0,,,,,,16206000000.0,16206000000.0,,,,,,,,,,,,,,,,,
VZ,2020-12-31,-30186000.0,0.234,45063000000.0,17801000000.0,16720000000.0,51201000000.0,44934000000.0,28214000000.0,-4182000000.0,4247000000.0,65000000.0,17899814000.0,17801000000.0,99494000000.0,28798000000.0,4142000000.0,4140000000.0,4.3,4.3,17801000000.0,17801000000.0,17801000000.0,18348000000.0,18348000000.0,5619000000.0,23967000000.0,-649000000.0,-475000000.0,-4182000000.0,4247000000.0,65000000.0,28798000000.0,48293000000.0,,31573000000.0,77091000000.0,51201000000.0,128292000000.0,128292000000.0,-129000000.0,-129000000.0,-129000000.0,,,,,,129000000.0,-45000000.0,,,,,-547000000.0,0.0,,,,,,16720000000.0,16720000000.0,,,,,,,,,,,,,,,,,
VZ,2019-12-31,,,,,,,,,,,,,,,,,,,,,,,,,,,,,,,,,,,,,,,,,,,,,,,,,,,,,,,,,,,,,,,,,,,94000000.0,,,,,,,,,,,,
ADBE,2023-11-30,-1600000.0,0.2,7792000000.0,5428000000.0,872000000.0,1650000000.0,7784000000.0,6912000000.0,156000000.0,113000000.0,269000000.0,5434400000.0,5428000000.0,12759000000.0,6650000000.0,459000000.0,457000000.0,11.82,11.87,5428000000.0,5428000000.0,5428000000.0,5428000000.0,5428000000.0,1371000000.0,6799000000.0,-7000000.0,1000000.0,156000000.0,113000000.0,269000000.0,6650000000.0,10405000000.0,3473000000.0,6764000000.0,17055000000.0,2354000000.0,19409000000.0,19409000000.0,-8000000.0,-8000000.0,,,-8000000.0,5351000000.0,1413000000.0,1413000000.0,,,,,,,,,,,,,,168000000.0,168000000.0,,,,,,,168000000.0,168000000.0,,,,,,,,,
ADBE,2022-11-30,-8400000.0,0.21,7016000000.0,4756000000.0,856000000.0,1478000000.0,6976000000.0,6120000000.0,-51000000.0,112000000.0,61000000.0,4787600000.0,4756000000.0,11508000000.0,6098000000.0,471000000.0,470000000.0,10.1,10.13,4756000000.0,4756000000.0,4756000000.0,4756000000.0,4756000000.0,1252000000.0,6008000000.0,-39000000.0,1000000.0,-51000000.0,112000000.0,61000000.0,6098000000.0,9343000000.0,2987000000.0,6187000000.0,15441000000.0,2165000000.0,17606000000.0,17606000000.0,-40000000.0,-40000000.0,,,-40000000.0,4968000000.0,1219000000.0,1219000000.0,,,,,,,,,,,,,,169000000.0,169000000.0,,,,,,,169000000.0,169000000.0,,,,,,,,,
ADBE,2021-11-30,-150000.0,0.15,6607000000.0,4822000000.0,788000000.0,1249000000.0,6606000000.0,5818000000.0,-96000000.0,113000000.0,17000000.0,4822850000.0,4822000000.0,9983000000.0,5802000000.0,481000000.0,477000000.0,10.02,10.1,4822000000.0,4822000000.0,4822000000.0,4822000000.0,4822000000.0,883000000.0,5705000000.0,-1000000.0,,-96000000.0,113000000.0,17000000.0,5802000000.0,8118000000.0,2540000000.0,5406000000.0,13920000000.0,1865000000.0,15785000000.0,15785000000.0,-1000000.0,-1000000.0,,,-1000000.0,4321000000.0,1085000000.0,1085000000.0,,,,,,,,,,,,,,172000000.0,172000000.0,,,,,,,172000000.0,172000000.0,,,,,,,,,
ADBE,2020-11-30,2970000.0,0.27,5038000000.0,5260000000.0,757000000.0,1127000000.0,5049000000.0,4292000000.0,-73000000.0,116000000.0,43000000.0,5251970000.0,5260000000.0,8631000000.0,4237000000.0,485000000.0,481000000.0,10.83,10.94,5260000000.0,5260000000.0,5260000000.0,5260000000.0,5260000000.0,-1084000000.0,4176000000.0,12000000.0,1000000.0,-73000000.0,116000000.0,43000000.0,4237000000.0,6909000000.0,2188000000.0,4559000000.0,11146000000.0,1722000000.0,12868000000.0,12868000000.0,11000000.0,11000000.0,,,11000000.0,3591000000.0,968000000.0,968000000.0,,,,,,,,,,,,,,162000000.0,162000000.0,,,,,,,162000000.0,162000000.0,,,,,,,,,
ADBE,2019-11-30,,,,,,,,,,,,,,,,,,,,,,,,,,,,310000.0,,,,,,,,,,,,,,,,,,,,,,,,,,,,,,,,,,,,,,,,,,,,,,,,,,,
NKE,2024-05-31,0.0,0.149254,7155000000.0,5700000000.0,844000000.0,28475000000.0,7155000000.0,6311000000.0,161000000.0,,,5700000000.0,5700000000.0,45051000000.0,,1529700000.0,1517600000.0,3.73,3.76,5700000000.0,5700000000.0,5700000000.0,5700000000.0,5700000000.0,1000000000.0,6700000000.0,228000000.0,228000000.0,161000000.0,,,6311000000.0,16576000000.0,,16576000000.0,22887000000.0,28475000000.0,51362000000.0,51362000000.0,,,,,,4285000000.0,12291000000.0,12291000000.0,,,,,,,,,,,,,-161000000.0,,,,,,,,,,,,,,,,,,,
NKE,2023-05-31,0.0,0.18239,6774000000.0,5070000000.0,859000000.0,28925000000.0,6774000000.0,5915000000.0,6000000.0,,,5070000000.0,5070000000.0,45302000000.0,,1569800000.0,1551600000.0,3.23,3.27,5070000000.0,5070000000.0,5070000000.0,5070000000.0,5070000000.0,1131000000.0,6201000000.0,280000000.0,280000000.0,6000000.0,,,5915000000.0,16377000000.0,,16377000000.0,22292000000.0,28925000000.0,51217000000.0,51217000000.0,,,,,,4060000000.0,12317000000.0,12317000000.0,,,,12317000000.0,,,,,,,,,-6000000.0,,,,,,,,,,,,,,,,,,,
NKE,2022-05-31,0.0,0.091,7515000000.0,6046000000.0,840000000.0,25231000000.0,7515000000.0,6675000000.0,-205000000.0,,,6046000000.0,6046000000.0,40035000000.0,,1610800000.0,1578800000.0,3.75,3.83,6046000000.0,6046000000.0,6046000000.0,6046000000.0,6046000000.0,605000000.0,6651000000.0,181000000.0,181000000.0,-205000000.0,,,6675000000.0,14804000000.0,,14804000000.0,21479000000.0,25231000000.0,46710000000.0,46710000000.0,,,,,,3850000000.0,10954000000.0,10954000000.0,,,,10954000000.0,,,,,,,,,205000000.0,,,,,,,,,,,,,,,,,,,
NKE,2021-05-31,0.0,0.14,7734000000.0,5727000000.0,797000000.0,24576000000.0,7734000000.0,6937000000.0,-262000000.0,,,5727000000.0,5727000000.0,37601000000.0,,1609400000.0,1573000000.0,3.56,3.64,5727000000.0,5727000000.0,5727000000.0,5727000000.0,5727000000.0,934000000.0,6661000000.0,-14000000.0,-14000000.0,-262000000.0,,,6937000000.0,13025000000.0,,13025000000.0,19962000000.0,24576000000.0,44538000000.0,44538000000.0,,,,,,3114000000.0,9911000000.0,9911000000.0,,,,9911000000.0,,,,,,,,,262000000.0,,,,,,,,,,,,,,,,,,,
TXN,2023-12-31,0.0,0.122,9009000000.0,6510000000.0,1238000000.0,6500000000.0,9009000000.0,7771000000.0,-353000000.0,353000000.0,,6510000000.0,6510000000.0,10188000000.0,7331000000.0,916000000.0,908000000.0,7.07,7.169604,6477000000.0,6476000000.0,6510000000.0,6510000000.0,6510000000.0,908000000.0,7418000000.0,440000000.0,440000000.0,-353000000.0,353000000.0,,7331000000.0,3688000000.0,1863000000.0,1825000000.0,11019000000.0,6500000000.0,17519000000.0,17519000000.0,0.0,0.0,0.0,,,,,,,,,,0.0,,,,,,1000000.0,34000000.0,,,,,,,,,0.0,,,,,,,,,,,
TXN,2022-12-31,-32896000.0,0.128,11482000000.0,8749000000.0,979000000.0,6257000000.0,11225000000.0,10246000000.0,-214000000.0,214000000.0,,8973104000.0,8749000000.0,9631000000.0,10140000000.0,926000000.0,916000000.0,9.41,9.55131,8710000000.0,8709000000.0,8749000000.0,8749000000.0,8749000000.0,1283000000.0,10032000000.0,-151000000.0,106000000.0,-214000000.0,214000000.0,,10397000000.0,3374000000.0,1670000000.0,1704000000.0,13771000000.0,6257000000.0,20028000000.0,20028000000.0,-257000000.0,-257000000.0,-257000000.0,,,,,,,,,,257000000.0,,,,,,1000000.0,40000000.0,,,,,,,,,0.0,,,,,,,,,,,
TXN,2021-12-31,-25284000.0,0.129,10253000000.0,7769000000.0,954000000.0,5968000000.0,10057000000.0,9103000000.0,-184000000.0,184000000.0,,7939716000.0,7769000000.0,9188000000.0,8960000000.0,936000000.0,923000000.0,8.26,8.417118,7736000000.0,7736000000.0,7769000000.0,7769000000.0,7769000000.0,1150000000.0,8919000000.0,-53000000.0,143000000.0,-184000000.0,184000000.0,,9156000000.0,3220000000.0,1554000000.0,1666000000.0,12376000000.0,5968000000.0,18344000000.0,18344000000.0,-196000000.0,-196000000.0,-196000000.0,,,,,,,,,,246000000.0,,,,,,0.0,33000000.0,,,,,,,,,50000000.0,,,,,,,,,,,
TXN,2020-12-31,-15540000.0,0.07,7421000000.0,5595000000.0,992000000.0,5192000000.0,7199000000.0,6207000000.0,-190000000.0,190000000.0,,5801460000.0,5595000000.0,8345000000.0,5894000000.0,933000000.0,921000000.0,5.97,6.074919,5568000000.0,5568000000.0,5595000000.0,5595000000.0,5595000000.0,422000000.0,6017000000.0,91000000.0,313000000.0,-190000000.0,190000000.0,,6116000000.0,3153000000.0,1530000000.0,1623000000.0,9269000000.0,5192000000.0,14461000000.0,14461000000.0,-222000000.0,-222000000.0,-222000000.0,,,,,,,,,,223000000.0,,,,,,0.0,27000000.0,,,,,,,,,1000000.0,,,,,,,,,,,
CRM,2024-01-31,-202400000.0,0.16,11223000000.0,4136000000.0,3959000000.0,8541000000.0,9958000000.0,5999000000.0,,,,5198600000.0,4136000000.0,28858000000.0,5011000000.0,984000000.0,974000000.0,4.2,4.25,4136000000.0,4136000000.0,4136000000.0,4136000000.0,4136000000.0,814000000.0,4950000000.0,-1049000000.0,216000000.0,,,,5999000000.0,20317000000.0,4906000000.0,15411000000.0,26316000000.0,8541000000.0,34857000000.0,34857000000.0,-1265000000.0,-1265000000.0,-1454000000.0,466000000.0,189000000.0,12877000000.0,2534000000.0,2534000000.0,,,,,988000000.0,,,,,,,,,891000000.0,891000000.0,,1062000000.0,,,,,891000000.0,891000000.0,,,,,,,,,
CRM,2023-01-31,-224070000.0,0.21,6711000000.0,208000000.0,3786000000.0,8360000000.0,5644000000.0,1858000000.0,,,,1050930000.0,208000000.0,29494000000.0,1030000000.0,997000000.0,992000000.0,0.21,0.21,208000000.0,208000000.0,208000000.0,208000000.0,208000000.0,452000000.0,660000000.0,-1198000000.0,-131000000.0,,,,1858000000.0,21134000000.0,5055000000.0,16079000000.0,22992000000.0,8360000000.0,31352000000.0,31352000000.0,-1067000000.0,-1067000000.0,-1319000000.0,491000000.0,252000000.0,13526000000.0,2553000000.0,2553000000.0,,,,,828000000.0,,,,,,,,,916000000.0,916000000.0,,1256000000.0,,,,,916000000.0,916000000.0,,,,,,,,,
CRM,2022-01-31,69561357.70235,0.057441,2635000000.0,1444000000.0,3298000000.0,7026000000.0,3846000000.0,548000000.0,,,,302561357.70235,1444000000.0,25944000000.0,548000000.0,974000000.0,955000000.0,1.48,1.51,1444000000.0,1444000000.0,1444000000.0,1444000000.0,1444000000.0,88000000.0,1532000000.0,984000000.0,-227000000.0,,,,548000000.0,18918000000.0,4465000000.0,14453000000.0,19466000000.0,7026000000.0,26492000000.0,26492000000.0,1211000000.0,1211000000.0,-51000000.0,51000000.0,1262000000.0,11855000000.0,2598000000.0,2598000000.0,,,,,0.0,,,,,,,,,727000000.0,727000000.0,,1104000000.0,,,,,727000000.0,727000000.0,,,,,,,,,
CRM,2021-01-31,585900000.0,0.27,1131000000.0,4072000000.0,2846000000.0,5438000000.0,3301000000.0,455000000.0,,,,2487900000.0,4072000000.0,20797000000.0,455000000.0,930000000.0,908000000.0,4.38,4.48,4072000000.0,4072000000.0,4072000000.0,4072000000.0,4072000000.0,-1511000000.0,2561000000.0,2106000000.0,-64000000.0,,,,455000000.0,15359000000.0,3598000000.0,11761000000.0,15814000000.0,5438000000.0,21252000000.0,21252000000.0,2170000000.0,2170000000.0,-124000000.0,124000000.0,2294000000.0,9674000000.0,2087000000.0,2087000000.0,,,,,0.0,,,,,,,,,,,,,,,,,,,,,,,,,,,
CRM,2020-01-31,,,,,,,,,,,,,,,,,,,,,,,,,,,,,,,,,,,,,,,,,,,,,,,,166000000.0,,,,,,,,,,,,,,,,,,,,,,,,,,,,,,,
NEE,2023-12-31,117300000.0,0.138,15913000000.0,7310000000.0,6151000000.0,9866000000.0,16763000000.0,10612000000.0,-3324000000.0,3324000000.0,,6577300000.0,7310000000.0,18282000000.0,10237000000.0,2030800000.0,2026100000.0,3.6,3.61,7310000000.0,7310000000.0,7310000000.0,6282000000.0,6282000000.0,1006000000.0,7288000000.0,780000000.0,578000000.0,-3324000000.0,3324000000.0,,9832000000.0,8144000000.0,,,17976000000.0,10138000000.0,28114000000.0,28114000000.0,850000000.0,850000000.0,566000000.0,,284000000.0,,,,-161000000.0,-648000000.0,,,,,1028000000.0,,,,,,,5879000000.0,5879000000.0,,,2265000000.0,,405000000.0,,,,,,,,,,,,
NEE,2022-12-31,38709000.0,0.153,8954000000.0,4147000000.0,4790000000.0,10530000000.0,9207000000.0,4417000000.0,-585000000.0,585000000.0,,3932709000.0,4147000000.0,17397000000.0,4081000000.0,1987000000.0,1987000000.0,2.087066,2.087066,4147000000.0,4147000000.0,4147000000.0,3246000000.0,3246000000.0,586000000.0,3832000000.0,858000000.0,402000000.0,-585000000.0,585000000.0,,3559000000.0,6580000000.0,,,10139000000.0,10817000000.0,20956000000.0,20956000000.0,253000000.0,253000000.0,634000000.0,,-381000000.0,,,,-112000000.0,203000000.0,,,,,901000000.0,,,,,,,4503000000.0,4503000000.0,,,2077000000.0,,522000000.0,,,,,,,,,,,,
NEE,2021-12-31,61160000.0,0.11,8103000000.0,3573000000.0,4214000000.0,8218000000.0,8659000000.0,4445000000.0,-1270000000.0,1270000000.0,,3078160000.0,3573000000.0,14233000000.0,2913000000.0,1974033149.0,1974033149.0,1.81,1.81,3573000000.0,3573000000.0,3573000000.0,2827000000.0,2827000000.0,348000000.0,3175000000.0,1609000000.0,387000000.0,-1270000000.0,1270000000.0,,2836000000.0,5725000000.0,,,8561000000.0,8508000000.0,17069000000.0,17069000000.0,556000000.0,556000000.0,219000000.0,,337000000.0,,,,-142000000.0,666000000.0,,-142000000.0,,,746000000.0,,,,,,,3924000000.0,3924000000.0,,,1801000000.0,,77000000.0,,,,,,,,,,,,
NEE,2020-12-31,11862000.0,0.018,8019000000.0,2919000000.0,4315000000.0,7027000000.0,8678000000.0,4363000000.0,-1950000000.0,1950000000.0,38000000.0,2271862000.0,2919000000.0,13051000000.0,5116000000.0,1969000000.0,1960000000.0,1.48,1.489286,2919000000.0,2919000000.0,2919000000.0,2369000000.0,2369000000.0,44000000.0,2413000000.0,-583000000.0,109000000.0,-1950000000.0,1950000000.0,38000000.0,4946000000.0,5761000000.0,,,10707000000.0,7290000000.0,17997000000.0,17997000000.0,659000000.0,659000000.0,446000000.0,,213000000.0,,,,-93000000.0,-1351000000.0,,-93000000.0,,,550000000.0,,,,,,,4052000000.0,4052000000.0,,,1709000000.0,,353000000.0,,,,,,,,,,,,
NEE,2019-12-31,,,,,,,,,,,54000000.0,,,,,,,,,,,,,,,,,,,,54000000.0,,,,,,,,,,,,72000000.0,,,,,,,,-67000000.0,35000000.0,,,,,,0.0,,,,,,,,,,,,,,,,,,,,,
PM,2023-12-31,-148960000.0,0.224,14039000000.0,7813000000.0,1398000000.0,12893000000.0,13374000000.0,11976000000.0,-1061000000.0,1526000000.0,465000000.0,8329040000.0,7813000000.0,22998000000.0,11556000000.0,1553000000.0,1552000000.0,5.02,5.02,7791000000.0,7791000000.0,7813000000.0,8268000000.0,8268000000.0,2339000000.0,10450000000.0,-665000000.0,,-1061000000.0,1526000000.0,465000000.0,12176000000.0,10105000000.0,,10105000000.0,22281000000.0,12893000000.0,35174000000.0,84578000000.0,-665000000.0,-665000000.0,-665000000.0,,,,10105000000.0,10060000000.0,,,157000000.0,,,,-455000000.0,665000000.0,,,,22000000.0,,,,,45000000.0,,,,,,,,49404000000.0,,,,,,,
PM,2022-12-31,0.0,0.193,13479000000.0,9048000000.0,1077000000.0,11402000000.0,13479000000.0,12402000000.0,-588000000.0,768000000.0,180000000.0,9048000000.0,9048000000.0,19540000000.0,12246000000.0,1552000000.0,1550000000.0,5.81,5.82,9024000000.0,9024000000.0,9048000000.0,9527000000.0,9527000000.0,2244000000.0,11634000000.0,,,-588000000.0,768000000.0,180000000.0,12222000000.0,8138000000.0,,8138000000.0,20360000000.0,11402000000.0,31762000000.0,80720000000.0,0.0,0.0,0.0,,,,8138000000.0,8114000000.0,,,137000000.0,,,,-479000000.0,0.0,,,,24000000.0,,,,,24000000.0,,,,,,,,48958000000.0,,,,,,,
PM,2021-12-31,0.0,0.218362,13967000000.0,9109000000.0,998000000.0,10030000000.0,13967000000.0,12969000000.0,-628000000.0,737000000.0,109000000.0,9109000000.0,9109000000.0,18545000000.0,12975000000.0,1559000000.0,1558000000.0,5.83,5.83,9083000000.0,9083000000.0,9109000000.0,9710000000.0,9710000000.0,2671000000.0,12232000000.0,,,-628000000.0,737000000.0,109000000.0,12860000000.0,8515000000.0,,8515000000.0,21375000000.0,10030000000.0,31405000000.0,82223000000.0,,,,,,8304000000.0,8515000000.0,8400000000.0,,,149000000.0,,,,-601000000.0,,,,,26000000.0,,96000000.0,96000000.0,,115000000.0,,,,,96000000.0,96000000.0,,50818000000.0,,,,,,,
PM,2020-12-31,0.0,0.217,12662000000.0,8056000000.0,981000000.0,8661000000.0,12662000000.0,11681000000.0,-618000000.0,728000000.0,110000000.0,8056000000.0,8056000000.0,17123000000.0,11668000000.0,1558000000.0,1557000000.0,5.16,5.16,8036000000.0,8036000000.0,8056000000.0,8592000000.0,8592000000.0,2377000000.0,10953000000.0,,,-618000000.0,728000000.0,110000000.0,11571000000.0,7554000000.0,,7481000000.0,19125000000.0,9569000000.0,28694000000.0,76047000000.0,,,,,,7384000000.0,7481000000.0,7384000000.0,,,16000000.0,,,,-536000000.0,,,,,20000000.0,,73000000.0,73000000.0,,97000000.0,,,,,73000000.0,73000000.0,,47353000000.0,,,,,,,
PM,2019-12-31,,,,,,,,,,,,,,,,,,,,,,,,,,,,,,,,,,,,,,,,,,,,,8695000000.0,,,,,,,,,,,,,,,,66000000.0,66000000.0,,,,,,,66000000.0,66000000.0,,,,,,,,,
BMY,2023-12-31,1363000.0,0.047,19337000000.0,8025000000.0,9760000000.0,9980000000.0,19366000000.0,9606000000.0,-1166000000.0,1166000000.0,,7997363000.0,8025000000.0,36811000000.0,,2078000000.0,2069000000.0,3.86,3.88,8025000000.0,8025000000.0,8025000000.0,8040000000.0,8040000000.0,400000000.0,8440000000.0,1411000000.0,1382000000.0,-1166000000.0,1166000000.0,,8195000000.0,26118000000.0,9299000000.0,7772000000.0,34313000000.0,10693000000.0,45006000000.0,44386000000.0,29000000.0,29000000.0,-260000000.0,,289000000.0,,,,-390000000.0,-160000000.0,,,1512000000.0,,-15000000.0,,,,,,,9047000000.0,9047000000.0,,,,,862000000.0,,9047000000.0,9047000000.0,,,,,,,,,
BMY,2022-12-31,-239304000.0,0.177,20573000000.0,6327000000.0,10276000000.0,9456000000.0,19221000000.0,8945000000.0,-1232000000.0,1232000000.0,,7439696000.0,6327000000.0,37055000000.0,,2146000000.0,2130000000.0,2.95,2.97,6327000000.0,6327000000.0,6327000000.0,6345000000.0,6345000000.0,1368000000.0,7713000000.0,-159000000.0,1193000000.0,-1232000000.0,1232000000.0,,9104000000.0,26918000000.0,9509000000.0,7814000000.0,36022000000.0,10137000000.0,46159000000.0,45413000000.0,-1352000000.0,-1352000000.0,-722000000.0,,-630000000.0,7814000000.0,,,444000000.0,-801000000.0,,,1321000000.0,,-18000000.0,,,,,,,9595000000.0,9595000000.0,,,,,1043000000.0,,9595000000.0,9595000000.0,,,,,,,,,
BMY,2021-12-31,-34000493.949123,0.13386,20372000000.0,6994000000.0,10686000000.0,9277000000.0,20118000000.0,9432000000.0,-1334000000.0,1334000000.0,,7213999506.050877,6994000000.0,37848000000.0,,2245000000.0,2153000000.0,3.12,3.24849,6994000000.0,6994000000.0,6994000000.0,7014000000.0,7014000000.0,1084000000.0,8098000000.0,895000000.0,1149000000.0,-1334000000.0,1334000000.0,,8537000000.0,27908000000.0,10195000000.0,7690000000.0,36445000000.0,9940000000.0,46385000000.0,45771000000.0,-254000000.0,-254000000.0,-1038000000.0,,784000000.0,7690000000.0,,,363000000.0,745000000.0,,,1350000000.0,,-20000000.0,0.0,,,,,,10023000000.0,10023000000.0,,,0.0,,675000000.0,,10023000000.0,10023000000.0,,,,,,,,,
BMY,2020-12-31,-2524770000.0,0.27,14280000000.0,-9015000000.0,10380000000.0,11081000000.0,4929000000.0,-5451000000.0,-1420000000.0,1420000000.0,,-2188770000.0,-9015000000.0,40341000000.0,,2258000000.0,2258000000.0,-3.99,-3.99,-9015000000.0,-9015000000.0,-9015000000.0,-8995000000.0,-8995000000.0,2124000000.0,-6871000000.0,-7628000000.0,1723000000.0,-1420000000.0,1420000000.0,,2177000000.0,28568000000.0,11143000000.0,7661000000.0,30745000000.0,11773000000.0,42518000000.0,41936000000.0,-9351000000.0,-9351000000.0,-10700000000.0,,1349000000.0,7661000000.0,,,-194000000.0,1228000000.0,,530000000.0,10928000000.0,,-20000000.0,21000000.0,,,,,,9688000000.0,9688000000.0,,,76000000.0,,55000000.0,,9688000000.0,9688000000.0,,,,,,,,,
BMY,2019-12-31,,,,,,,,,,,,,,,,,,,,,,,,,,,,,,,,,,,,,,,,,,,,,4871000000.0,,,,,,301000000.0,,,,15000000.0,,,,,,,,,,0.0,,,,,,,,,,,,,,
COP,2023-12-31,39894000.0,0.327,25499000000.0,10957000000.0,8270000000.0,37938000000.0,25621000000.0,17351000000.0,-651000000.0,1063000000.0,412000000.0,10874894000.0,10957000000.0,41115000000.0,,1205675000.0,1202757000.0,9.06,9.08,10922000000.0,10922000000.0,10957000000.0,10957000000.0,10957000000.0,5331000000.0,16288000000.0,1913000000.0,71000000.0,-651000000.0,1063000000.0,412000000.0,15026000000.0,3177000000.0,,705000000.0,18203000000.0,37938000000.0,56141000000.0,56141000000.0,122000000.0,122000000.0,214000000.0,,-92000000.0,,,,,1720000000.0,,398000000.0,,,,14000000.0,,,,35000000.0,,,,,,2074000000.0,,,228000000.0,,,,,,,,,,,
COP,2022-12-31,486720000.0,0.338,35347000000.0,18680000000.0,7504000000.0,48481000000.0,36787000000.0,29283000000.0,-860000000.0,1055000000.0,195000000.0,17726720000.0,18680000000.0,53032000000.0,,1278163000.0,1274028000.0,14.57,14.62,18620000000.0,18620000000.0,18680000000.0,18680000000.0,18680000000.0,9548000000.0,28228000000.0,3626000000.0,105000000.0,-860000000.0,1055000000.0,195000000.0,25462000000.0,4551000000.0,,623000000.0,30013000000.0,48481000000.0,78494000000.0,78494000000.0,1440000000.0,1440000000.0,1089000000.0,,351000000.0,,,,,2081000000.0,,564000000.0,,,0.0,-12000000.0,,,,60000000.0,,,,,,3364000000.0,,,1077000000.0,,,,,,,,,,,
COP,2021-12-31,318136000.0,0.364,20172000000.0,8079000000.0,7208000000.0,31060000000.0,21046000000.0,13838000000.0,-1093000000.0,1126000000.0,33000000.0,7523136000.0,8079000000.0,33757000000.0,,1328151000.0,1324194000.0,6.07,6.09,8060000000.0,8060000000.0,8079000000.0,8079000000.0,8079000000.0,4633000000.0,12712000000.0,1734000000.0,28000000.0,-1093000000.0,1126000000.0,33000000.0,12071000000.0,2697000000.0,,719000000.0,14768000000.0,31060000000.0,45828000000.0,45828000000.0,874000000.0,874000000.0,-188000000.0,,1062000000.0,,,,,832000000.0,,344000000.0,,,0.0,674000000.0,,,,19000000.0,,,,,,1634000000.0,,,486000000.0,,,,,,,,,,,
COP,2020-12-31,-162285000.0,0.155,4486000000.0,-2701000000.0,5521000000.0,17943000000.0,3439000000.0,-2082000000.0,-958000000.0,1058000000.0,100000000.0,-1816285000.0,-2701000000.0,20584000000.0,,1078030000.0,1078030000.0,-2.51,-2.51,-2707000000.0,-2707000000.0,-2701000000.0,-2655000000.0,-2655000000.0,-485000000.0,-3140000000.0,-382000000.0,233000000.0,-958000000.0,1058000000.0,100000000.0,-1800000000.0,2641000000.0,,430000000.0,841000000.0,17943000000.0,18784000000.0,18784000000.0,-1047000000.0,-1047000000.0,-264000000.0,813000000.0,-783000000.0,,,,,432000000.0,,1457000000.0,,,-46000000.0,813000000.0,,,,6000000.0,,,,,,754000000.0,,,549000000.0,,,,,,,,,,,
COP,2019-12-31,,,,,,,,,,,,,,,,,,,,,,,,,,,,,,,,,,,,,,,,,,,405000000.0,,,,,,,,,,,-68000000.0,,,,,,,,,,,,,,,,,,,,,,,,,
QCOM,2023-09-30,-500000.0,0.01,9996000000.0,7339000000.0,1809000000.0,15869000000.0,9946000000.0,8137000000.0,-381000000.0,694000000.0,313000000.0,7388500000.0,7232000000.0,28032000000.0,7788000000.0,1126000000.0,1117000000.0,6.42,6.47,7232000000.0,7232000000.0,7232000000.0,7232000000.0,7339000000.0,104000000.0,7443000000.0,36000000.0,86000000.0,-381000000.0,694000000.0,313000000.0,7788000000.0,12163000000.0,8818000000.0,2483000000.0,19951000000.0,15869000000.0,35820000000.0,35820000000.0,-50000000.0,-50000000.0,-132000000.0,132000000.0,82000000.0,,,,,,,862000000.0,,,,,,,,,,,,-107000000.0,,,,,,,,,,,,,,,,
QCOM,2022-09-30,-41860000.0,0.13,17572000000.0,12986000000.0,1762000000.0,18635000000.0,17250000000.0,15488000000.0,-399000000.0,490000000.0,91000000.0,13266140000.0,12936000000.0,28340000000.0,15860000000.0,1137000000.0,1123000000.0,11.37,11.52,12936000000.0,12936000000.0,12936000000.0,12936000000.0,12986000000.0,2012000000.0,14998000000.0,-463000000.0,-141000000.0,-399000000.0,490000000.0,91000000.0,15860000000.0,9705000000.0,8194000000.0,2570000000.0,25565000000.0,18635000000.0,44200000000.0,44200000000.0,-322000000.0,-322000000.0,-47000000.0,47000000.0,-275000000.0,,,,,-7000000.0,,-1059000000.0,,,,,,,,,,,,-50000000.0,,,,,,,,,,,,,,,,
QCOM,2021-09-30,99720000.0,0.12,11584000000.0,9043000000.0,1582000000.0,14262000000.0,12415000000.0,10833000000.0,-476000000.0,559000000.0,83000000.0,8311720000.0,9043000000.0,23777000000.0,9789000000.0,1149000000.0,1131000000.0,7.87,7.99,9043000000.0,9043000000.0,9043000000.0,9043000000.0,9043000000.0,1231000000.0,10274000000.0,961000000.0,130000000.0,-476000000.0,559000000.0,83000000.0,9789000000.0,9515000000.0,7176000000.0,2339000000.0,19304000000.0,14262000000.0,33566000000.0,33566000000.0,831000000.0,831000000.0,-33000000.0,33000000.0,864000000.0,,,,,13000000.0,,,,,,,,,,,,,,0.0,,,,,,,,,,,,,,,,
QCOM,2020-09-30,-10440000.0,0.09,7830000000.0,5198000000.0,1393000000.0,9255000000.0,7714000000.0,6321000000.0,-446000000.0,602000000.0,156000000.0,5303560000.0,5198000000.0,17276000000.0,6255000000.0,1149000000.0,1135000000.0,4.52,4.58,5198000000.0,5198000000.0,5198000000.0,5198000000.0,5198000000.0,521000000.0,5719000000.0,-90000000.0,47000000.0,-446000000.0,602000000.0,156000000.0,6255000000.0,8021000000.0,5975000000.0,2074000000.0,14276000000.0,9255000000.0,23531000000.0,23531000000.0,-116000000.0,-116000000.0,-405000000.0,405000000.0,289000000.0,,,,,-21000000.0,,-28000000.0,,,,,,,,,,,,0.0,,,,,,,,,,,,,,,,
HON,2023-12-31,-2496000.0,0.208,9112000000.0,5658000000.0,1176000000.0,22995000000.0,9100000000.0,7924000000.0,-444000000.0,765000000.0,321000000.0,5667504000.0,5658000000.0,29108000000.0,,668200000.0,663000000.0,8.47,8.53,5658000000.0,5658000000.0,5658000000.0,5672000000.0,5672000000.0,1487000000.0,7159000000.0,49000000.0,-39000000.0,-444000000.0,765000000.0,321000000.0,7554000000.0,6113000000.0,1456000000.0,4657000000.0,13667000000.0,22995000000.0,36662000000.0,36662000000.0,-12000000.0,-12000000.0,-3000000.0,,-9000000.0,,4657000000.0,5127000000.0,-3000000.0,100000000.0,,,11000000.0,,-14000000.0,,,,,,,,,,-470000000.0,,,5000000.0,,,,,,,,,,,,
HON,2022-12-31,-101218000.0,0.221,8455000000.0,4966000000.0,1204000000.0,22347000000.0,7997000000.0,6793000000.0,-276000000.0,414000000.0,138000000.0,5322782000.0,4966000000.0,28396000000.0,,683100000.0,677100000.0,7.27,7.33,4966000000.0,4966000000.0,4966000000.0,4967000000.0,4967000000.0,1412000000.0,6379000000.0,-415000000.0,-18000000.0,-276000000.0,414000000.0,138000000.0,7070000000.0,6049000000.0,1478000000.0,4571000000.0,13119000000.0,22347000000.0,35466000000.0,35466000000.0,-458000000.0,-458000000.0,-410000000.0,,-48000000.0,,4571000000.0,5214000000.0,90000000.0,61000000.0,,,342000000.0,,-1000000.0,,,,,,,,,,-643000000.0,,,22000000.0,,,,,,,,,,,,
HON,2021-12-31,-18675000.0,0.225,8884000000.0,5542000000.0,1223000000.0,22061000000.0,8801000000.0,7578000000.0,-241000000.0,343000000.0,102000000.0,5606325000.0,5542000000.0,26919000000.0,,700400000.0,692300000.0,7.91,8.01,5542000000.0,5542000000.0,5542000000.0,5610000000.0,5610000000.0,1625000000.0,7235000000.0,3000000.0,19000000.0,-241000000.0,343000000.0,102000000.0,7473000000.0,4858000000.0,1333000000.0,3525000000.0,12331000000.0,22061000000.0,34392000000.0,34392000000.0,-83000000.0,-83000000.0,-58000000.0,,-25000000.0,,3525000000.0,4798000000.0,160000000.0,67000000.0,,,0.0,,-68000000.0,,,,,,,,,,-1273000000.0,,,102000000.0,,,,,,,,,,,,
HON,2020-12-31,-84804000.0,0.191,7817000000.0,4779000000.0,1002000000.0,22169000000.0,7373000000.0,6371000000.0,-252000000.0,359000000.0,107000000.0,5138196000.0,4779000000.0,25983000000.0,,711200000.0,704100000.0,6.72,6.79,4779000000.0,4779000000.0,4779000000.0,4865000000.0,4865000000.0,1147000000.0,6012000000.0,-390000000.0,-12000000.0,-252000000.0,359000000.0,107000000.0,6654000000.0,3814000000.0,,3814000000.0,10468000000.0,22169000000.0,32637000000.0,32637000000.0,-444000000.0,-444000000.0,-512000000.0,,68000000.0,,3814000000.0,4772000000.0,509000000.0,66000000.0,,,0.0,,-86000000.0,,,,,,,,,,-958000000.0,,,-3000000.0,,,,,,,,,,,,
MS,2023-12-31,-258639000.0,0.219,,9087000000.0,4256000000.0,,,,8230000000.0,42051000000.0,50281000000.0,10009361000.0,9087000000.0,,,1646000000.0,1628000000.0,5.18,5.24,8530000000.0,8530000000.0,9087000000.0,9230000000.0,9230000000.0,2583000000.0,11813000000.0,,,,,,,,,25103000000.0,,,50667000000.0,50667000000.0,-1181000000.0,-1181000000.0,-1181000000.0,,573000000.0,898000000.0,24205000000.0,,535000000.0,,,,646000000.0,,-143000000.0,,,,,,,,,,24205000000.0,,557000000.0,,,,,,,1895000000.0,3058000000.0,7085000000.0,,,,
MS,2022-12-31,0.0,0.207,,11029000000.0,3998000000.0,,,,9327000000.0,12268000000.0,21595000000.0,11029000000.0,11029000000.0,,,1713000000.0,1691000000.0,6.15,6.23,10540000000.0,10540000000.0,11029000000.0,11179000000.0,11179000000.0,2910000000.0,14089000000.0,,,,,,,,,23958000000.0,,,50210000000.0,50210000000.0,-470000000.0,-470000000.0,-470000000.0,,15000000.0,905000000.0,23053000000.0,,,,,,470000000.0,,-150000000.0,,,,,,,,,,23053000000.0,,489000000.0,,,,,,,1729000000.0,3070000000.0,7084000000.0,,,,
MS,2021-12-31,0.0,0.231,,15034000000.0,4216000000.0,,,,8045000000.0,1366000000.0,9411000000.0,15034000000.0,15034000000.0,,,1814000000.0,1785000000.0,8.03,8.16,14566000000.0,14566000000.0,15034000000.0,15120000000.0,15120000000.0,4548000000.0,19668000000.0,,,,,,,,,25271000000.0,,,56414000000.0,56414000000.0,-456000000.0,-456000000.0,-456000000.0,,1376000000.0,643000000.0,24628000000.0,,,,,,456000000.0,,-86000000.0,,,,,,,,,,24628000000.0,,468000000.0,,,,,,,1725000000.0,2933000000.0,6813000000.0,,,,
MS,2020-12-31,-51975000.0,0.225,,10996000000.0,3769000000.0,,,,6313000000.0,3849000000.0,10162000000.0,11175025000.0,10996000000.0,,,1624000000.0,1603000000.0,6.46,6.55,10500000000.0,10500000000.0,10996000000.0,11179000000.0,11179000000.0,3239000000.0,14418000000.0,,,,,,,,,21137000000.0,,,45828000000.0,45828000000.0,-231000000.0,-231000000.0,-231000000.0,,986000000.0,434000000.0,20703000000.0,2465000000.0,,,,,231000000.0,,-183000000.0,,,,,,,,,0.0,20703000000.0,,496000000.0,,,,,,,1559000000.0,2205000000.0,5517000000.0,,,,
MS,2019-12-31,,,,,,,,,,,,,,,,,,,,,,,,,,,,,,,,,,,,,,,,,,,,,,,2194000000.0,,,,,,,,,,,,,,,,0.0,,,,,,,,,,,,,,,,
ORCL,2024-05-31,-136141000.0,0.109,22643000000.0,10467000000.0,6139000000.0,12014000000.0,21394000000.0,15255000000.0,-3063000000.0,3514000000.0,451000000.0,11579859000.0,10467000000.0,36890000000.0,15353000000.0,2823000000.0,2744000000.0,3.71,3.82,10467000000.0,10467000000.0,10467000000.0,10467000000.0,10467000000.0,1274000000.0,11741000000.0,-1267000000.0,168000000.0,-3063000000.0,3514000000.0,451000000.0,16071000000.0,21747000000.0,8915000000.0,9822000000.0,37818000000.0,15143000000.0,52961000000.0,52961000000.0,-1249000000.0,-1249000000.0,-718000000.0,,-531000000.0,8274000000.0,1548000000.0,1548000000.0,,-186000000.0,,,718000000.0,,,,,,,,,3010000000.0,3010000000.0,,,,,,,3010000000.0,3010000000.0,,,,,,,,,
ORCL,2023-05-31,-85408000.0,0.068,19995000000.0,8503000000.0,6108000000.0,11038000000.0,18739000000.0,12631000000.0,-3220000000.0,3505000000.0,285000000.0,9673592000.0,8503000000.0,36181000000.0,13093000000.0,2766000000.0,2696000000.0,3.07,3.15,8503000000.0,8503000000.0,8503000000.0,8503000000.0,8503000000.0,623000000.0,9126000000.0,-1427000000.0,-6000000.0,-3220000000.0,3505000000.0,285000000.0,13773000000.0,22617000000.0,8623000000.0,10412000000.0,36390000000.0,13564000000.0,49954000000.0,49954000000.0,-1256000000.0,-1256000000.0,-680000000.0,,-576000000.0,8833000000.0,1579000000.0,1579000000.0,,-165000000.0,,103000000.0,680000000.0,,,,,,,,,3582000000.0,3582000000.0,,,,,,,3582000000.0,3582000000.0,,,,,,,,,
ORCL,2022-05-31,-640500000.0,0.122,18776000000.0,6717000000.0,3122000000.0,6905000000.0,13526000000.0,10404000000.0,-2661000000.0,2755000000.0,94000000.0,11326500000.0,6717000000.0,26610000000.0,10926000000.0,2786000000.0,2700000000.0,2.41,2.49,6717000000.0,6717000000.0,6717000000.0,6717000000.0,6717000000.0,932000000.0,7649000000.0,-5520000000.0,-86000000.0,-2661000000.0,2755000000.0,94000000.0,15830000000.0,17733000000.0,7219000000.0,9364000000.0,33563000000.0,8877000000.0,42440000000.0,42440000000.0,-5250000000.0,-5250000000.0,-4904000000.0,,-346000000.0,8047000000.0,1317000000.0,1317000000.0,,-184000000.0,,4694000000.0,4904000000.0,,,,,,,,,1150000000.0,1150000000.0,,,,,,,1150000000.0,1150000000.0,,,,,,,,,
ORCL,2021-05-31,-113130000.0,0.27,18830000000.0,13746000000.0,2916000000.0,6318000000.0,18411000000.0,15495000000.0,-2395000000.0,2496000000.0,101000000.0,14051870000.0,13746000000.0,24697000000.0,15213000000.0,3022000000.0,2945000000.0,4.55,4.67,13746000000.0,13746000000.0,13746000000.0,13746000000.0,13746000000.0,-747000000.0,12999000000.0,-388000000.0,211000000.0,-2395000000.0,2496000000.0,101000000.0,15782000000.0,16842000000.0,6527000000.0,8936000000.0,32624000000.0,7855000000.0,40479000000.0,40479000000.0,-419000000.0,-419000000.0,-569000000.0,,150000000.0,7682000000.0,1254000000.0,1254000000.0,,-180000000.0,,129000000.0,569000000.0,,,,,,,,,1379000000.0,1379000000.0,,136000000.0,,,,,1379000000.0,1379000000.0,,,,,,,,,
ORCL,2020-05-31,,,,,,,,,,,,,,,,,,,,,,,,,,,,,,,,,,,,,,,,,,,,,,,,,,,51000000.0,,,,,,,,,,,,,119000000.0,,,,,,,,,,,,,,,
RTX,2023-12-31,0.0,0.119,9700000000.0,3195000000.0,4211000000.0,56831000000.0,9700000000.0,5489000000.0,-1553000000.0,1653000000.0,100000000.0,3195000000.0,3195000000.0,63579000000.0,3561000000.0,1435400000.0,1426000000.0,2.23,2.24,3195000000.0,3195000000.0,3195000000.0,3380000000.0,3380000000.0,456000000.0,3836000000.0,48000000.0,48000000.0,-1553000000.0,1653000000.0,100000000.0,5341000000.0,6748000000.0,2805000000.0,4029000000.0,12089000000.0,56831000000.0,68920000000.0,68920000000.0,0.0,0.0,0.0,,,,4029000000.0,5809000000.0,,,,-86000000.0,,,-185000000.0,,,,,,,,,0.0,-1780000000.0,,,,,,,,,,,,,,,
RTX,2022-12-31,0.0,0.129,11525000000.0,5216000000.0,4108000000.0,53406000000.0,11525000000.0,7417000000.0,-1230000000.0,1300000000.0,70000000.0,5216000000.0,5197000000.0,59681000000.0,5504000000.0,1485900000.0,1475500000.0,3.5,3.52,5197000000.0,5197000000.0,5197000000.0,5308000000.0,5327000000.0,790000000.0,6117000000.0,-46000000.0,-46000000.0,-1230000000.0,1300000000.0,70000000.0,7393000000.0,6275000000.0,2711000000.0,3684000000.0,13668000000.0,53406000000.0,67074000000.0,67074000000.0,0.0,0.0,0.0,,,,3684000000.0,5573000000.0,,,,-120000000.0,,,-111000000.0,0.0,,,,,,,,-19000000.0,-1889000000.0,,,,,,,,,,,,,,,
RTX,2021-12-31,-122661000.0,0.189,11645000000.0,3897000000.0,4557000000.0,51897000000.0,10996000000.0,6439000000.0,-1294000000.0,1330000000.0,36000000.0,4423339000.0,3864000000.0,57308000000.0,5136000000.0,1508500000.0,1501600000.0,2.56,2.57,3864000000.0,3864000000.0,3864000000.0,4112000000.0,4145000000.0,964000000.0,5109000000.0,-677000000.0,-28000000.0,-1294000000.0,1330000000.0,36000000.0,7080000000.0,5411000000.0,2732000000.0,3102000000.0,12491000000.0,51897000000.0,64388000000.0,64388000000.0,-649000000.0,-649000000.0,-649000000.0,,,,3102000000.0,5046000000.0,649000000.0,,,-423000000.0,,,-248000000.0,0.0,,,,,,,,-33000000.0,-1944000000.0,,,,,,,,,,,,,,,
RTX,2020-12-31,-859410000.0,0.27,6394000000.0,-3152000000.0,4156000000.0,48056000000.0,3211000000.0,-945000000.0,-1366000000.0,1408000000.0,42000000.0,-828410000.0,-3519000000.0,55293000000.0,-1889000000.0,1357800000.0,1357800000.0,-2.59,-2.59,-3519000000.0,-3519000000.0,-3519000000.0,-3295000000.0,-2928000000.0,575000000.0,-2353000000.0,-2281000000.0,902000000.0,-1366000000.0,1408000000.0,42000000.0,1294000000.0,7237000000.0,2582000000.0,5540000000.0,8531000000.0,48056000000.0,56587000000.0,56587000000.0,-3183000000.0,-3183000000.0,-3183000000.0,,,,,,,,,-885000000.0,,,-224000000.0,3183000000.0,,,,,,,,-367000000.0,,,,,,,,,,,,,,,,
RTX,2019-12-31,,,,,,,,,,,,,,,,,,,,,,,,,,,,,,,,,,,,,,,,,,,,,,,,,,,,,,,0.0,,,,,,,,,,,,,,,,,,,,,,,,
INTC,2023-12-31,21420000.0,0.21,11140000000.0,1689000000.0,9602000000.0,32517000000.0,11242000000.0,1640000000.0,629000000.0,878000000.0,1335000000.0,1608420000.0,1689000000.0,54197000000.0,93000000.0,4212000000.0,4190000000.0,0.4,0.4,1689000000.0,1689000000.0,1689000000.0,1675000000.0,1675000000.0,-913000000.0,762000000.0,102000000.0,,629000000.0,878000000.0,1335000000.0,31000000.0,21680000000.0,16046000000.0,5634000000.0,21711000000.0,32517000000.0,54228000000.0,54228000000.0,102000000.0,102000000.0,-152000000.0,259000000.0,254000000.0,,,,-329000000.0,,,,222000000.0,,14000000.0,,,,,,-172000000.0,,,,,,,,,,,,,,,,,,,
INTC,2022-12-31,1105860000.0,0.21,16033000000.0,8014000000.0,13035000000.0,36188000000.0,21299000000.0,8264000000.0,166000000.0,496000000.0,589000000.0,3853860000.0,8014000000.0,60718000000.0,2334000000.0,4123000000.0,4108000000.0,1.94,1.95,8014000000.0,8014000000.0,8014000000.0,8017000000.0,8017000000.0,-249000000.0,7768000000.0,5266000000.0,,166000000.0,496000000.0,589000000.0,2336000000.0,24530000000.0,17528000000.0,7002000000.0,26866000000.0,36188000000.0,63054000000.0,63054000000.0,5266000000.0,5266000000.0,808000000.0,341000000.0,4458000000.0,,,,-1187000000.0,,,,1038000000.0,,-3000000.0,,,,,,-73000000.0,,,,,,,1000000000.0,,,,,,,,,,,,
INTC,2021-12-31,8755000.0,0.085,33989000000.0,19868000000.0,11792000000.0,35209000000.0,34092000000.0,22300000000.0,-482000000.0,597000000.0,144000000.0,19773755000.0,19868000000.0,56942000000.0,19456000000.0,4090000000.0,4059000000.0,4.86,4.89,19868000000.0,19868000000.0,19868000000.0,19868000000.0,19868000000.0,1835000000.0,21703000000.0,103000000.0,,-482000000.0,597000000.0,144000000.0,22082000000.0,21733000000.0,15190000000.0,6543000000.0,43815000000.0,35209000000.0,79024000000.0,79024000000.0,103000000.0,103000000.0,-2780000000.0,441000000.0,2883000000.0,,,,2291000000.0,,,,48000000.0,,0.0,,,,,,29000000.0,,,,,,,,,,,,,,,,,,,
INTC,2020-12-31,284902000.0,0.167,36240000000.0,20899000000.0,12239000000.0,34255000000.0,37946000000.0,25707000000.0,-504000000.0,629000000.0,272000000.0,19477902000.0,20899000000.0,53991000000.0,23678000000.0,4232000000.0,4199000000.0,4.94,4.98,20899000000.0,20899000000.0,20899000000.0,20899000000.0,20899000000.0,4179000000.0,25078000000.0,1706000000.0,-147000000.0,-504000000.0,629000000.0,272000000.0,23876000000.0,19736000000.0,13556000000.0,6180000000.0,43612000000.0,34255000000.0,77867000000.0,77867000000.0,1706000000.0,1706000000.0,-501000000.0,310000000.0,2207000000.0,,,,67000000.0,,,,124000000.0,,0.0,,,,,,147000000.0,,,,,,,,,,,,,,,,,,,
INTC,2019-12-31,,,,,,,,,,,,,,,,,,,,,,,,,,,,490000000.0,,,,,,,,,,,,,,,,,,,,,1091000000.0,,,,,,,,,,,,200000000.0,200000000.0,,,,,,,200000000.0,200000000.0,,,,,,,,,
AMGN,2023-12-31,0.0,0.145,14801000000.0,6717000000.0,4071000000.0,8451000000.0,14801000000.0,10730000000.0,-2875000000.0,2875000000.0,,6717000000.0,6717000000.0,20293000000.0,7897000000.0,538000000.0,535000000.0,12.49,12.56,6717000000.0,6717000000.0,6717000000.0,6717000000.0,6717000000.0,1138000000.0,7855000000.0,2833000000.0,2833000000.0,-2875000000.0,2875000000.0,,7897000000.0,11842000000.0,4784000000.0,6179000000.0,19739000000.0,8451000000.0,28190000000.0,26910000000.0,0.0,0.0,0.0,,,,,,,,,879000000.0,,,,,,,,,,,,,,,,,,,,,,,,,,,,
AMGN,2022-12-31,0.0,0.108,12169000000.0,6552000000.0,3417000000.0,6406000000.0,12169000000.0,8752000000.0,-1406000000.0,1406000000.0,,6552000000.0,6552000000.0,16757000000.0,9566000000.0,541000000.0,538000000.0,12.11,12.18,6552000000.0,6552000000.0,6552000000.0,6552000000.0,6552000000.0,794000000.0,7346000000.0,-814000000.0,-814000000.0,-1406000000.0,1406000000.0,,9566000000.0,10351000000.0,4434000000.0,5414000000.0,19917000000.0,6406000000.0,26323000000.0,24801000000.0,0.0,0.0,0.0,,,,,,,,,503000000.0,,,,,,,,,,,,,,,,,,,,,,,,,,,,
AMGN,2021-12-31,-182105000.0,0.121,12801000000.0,5893000000.0,3398000000.0,6454000000.0,11296000000.0,7898000000.0,-1197000000.0,1197000000.0,,7215895000.0,5893000000.0,16835000000.0,7639000000.0,573000000.0,570000000.0,10.28,10.34,5893000000.0,5893000000.0,5893000000.0,5893000000.0,5893000000.0,808000000.0,6701000000.0,-1246000000.0,259000000.0,-1197000000.0,1197000000.0,,9144000000.0,10381000000.0,4819000000.0,5368000000.0,19525000000.0,6454000000.0,25979000000.0,24297000000.0,-1505000000.0,-1505000000.0,-1505000000.0,,,,,,1505000000.0,,,194000000.0,,,,,,,,,,,,,,,,,,,,,,,,,,,,
AMGN,2020-12-31,0.0,0.107,12996000000.0,7264000000.0,3601000000.0,6159000000.0,12996000000.0,9395000000.0,-1262000000.0,1262000000.0,256000000.0,7264000000.0,7264000000.0,16285000000.0,9139000000.0,590000000.0,586000000.0,12.31,12.4,7264000000.0,7264000000.0,7264000000.0,7264000000.0,7264000000.0,869000000.0,8133000000.0,256000000.0,256000000.0,-1262000000.0,1262000000.0,256000000.0,9139000000.0,10126000000.0,4207000000.0,5730000000.0,19265000000.0,6159000000.0,25424000000.0,24240000000.0,0.0,0.0,0.0,,,,,,,,,189000000.0,,,,,,,,,,,,,,,,,,,,,,,,,,,,
AMGN,2019-12-31,,,,,,,,,,,753000000.0,,,,,,,,,,,,,,,,,,,,753000000.0,,,,,,,,,,,,,,,,,,,,,,,,,,,,,,,,,,,,,,,,,,,,,,,,
SPGI,2023-12-31,-18020000.0,0.212,5233000000.0,2626000000.0,1143000000.0,4141000000.0,5148000000.0,4005000000.0,-334000000.0,334000000.0,,2692980000.0,2626000000.0,8443000000.0,4020000000.0,318900000.0,318400000.0,8.23,8.25,2626000000.0,2626000000.0,2626000000.0,2893000000.0,2893000000.0,778000000.0,3671000000.0,-49000000.0,,-334000000.0,334000000.0,,4054000000.0,4302000000.0,,3159000000.0,8356000000.0,4141000000.0,12497000000.0,12497000000.0,-85000000.0,-85000000.0,-70000000.0,,-15000000.0,,,,,36000000.0,,,,,-267000000.0,,,,,,,1143000000.0,1143000000.0,,,,,-70000000.0,,1042000000.0,1042000000.0,101000000.0,,,,,,,,
SPGI,2022-12-31,489199000.0,0.251,4070000000.0,3248000000.0,1013000000.0,3753000000.0,6019000000.0,5006000000.0,-304000000.0,304000000.0,,1788199000.0,3248000000.0,8162000000.0,4944000000.0,318500000.0,316900000.0,10.2,10.25,3248000000.0,3248000000.0,3248000000.0,3522000000.0,3522000000.0,1180000000.0,4702000000.0,1987000000.0,11000000.0,-304000000.0,304000000.0,,3019000000.0,4409000000.0,,3396000000.0,7428000000.0,3753000000.0,11181000000.0,11181000000.0,1949000000.0,1949000000.0,1890000000.0,,59000000.0,,,,8000000.0,27000000.0,,,,,-274000000.0,,,,,,,1013000000.0,1013000000.0,,,,,1898000000.0,,905000000.0,905000000.0,108000000.0,,,,,,,,
SPGI,2021-12-31,6048000.0,0.216,4433000000.0,3024000000.0,178000000.0,2180000000.0,4461000000.0,4283000000.0,-119000000.0,119000000.0,,3002048000.0,3024000000.0,4087000000.0,4221000000.0,241800000.0,240800000.0,12.51,12.56,3024000000.0,3024000000.0,3024000000.0,3263000000.0,3263000000.0,901000000.0,4164000000.0,73000000.0,45000000.0,-119000000.0,119000000.0,,4210000000.0,1907000000.0,,1729000000.0,6117000000.0,2180000000.0,8297000000.0,8297000000.0,28000000.0,28000000.0,11000000.0,,17000000.0,,,,,0.0,,,,,-239000000.0,,,,,,,178000000.0,178000000.0,,,,,11000000.0,,96000000.0,96000000.0,82000000.0,,,,,,,,
SPGI,2020-12-31,-56760000.0,0.215,3839000000.0,2339000000.0,206000000.0,2094000000.0,3575000000.0,3369000000.0,-141000000.0,141000000.0,,2546240000.0,2339000000.0,3841000000.0,3617000000.0,242100000.0,241000000.0,9.66,9.71,2339000000.0,2339000000.0,2339000000.0,2534000000.0,2534000000.0,694000000.0,3228000000.0,-232000000.0,32000000.0,-141000000.0,141000000.0,,3601000000.0,1747000000.0,,1541000000.0,5348000000.0,2094000000.0,7442000000.0,7442000000.0,-264000000.0,-264000000.0,-263000000.0,,-1000000.0,,,,279000000.0,0.0,,,,,-195000000.0,,,,,,,206000000.0,206000000.0,,,,,16000000.0,,123000000.0,123000000.0,83000000.0,,,,,,,,
SPGI,2019-12-31,,,,,,,,,,,,,,,,,,,,,,,,,,,,-79000000.0,,,,,,,,,,,,,,,,,,,,57000000.0,,,,,,,,,,,,198000000.0,,,,,,,,,,,,,,,,,,,
IBM,2023-12-31,-7020000.0,0.135,14745000000.0,7514000000.0,4396000000.0,24159000000.0,14693000000.0,10297000000.0,-937000000.0,1607000000.0,670000000.0,7558980000.0,7502000000.0,52486000000.0,,922073828.0,911210319.0,8.14,8.23,7502000000.0,7502000000.0,7502000000.0,7502000000.0,7514000000.0,1176000000.0,8690000000.0,253000000.0,305000000.0,-937000000.0,1607000000.0,670000000.0,9374000000.0,24926000000.0,6775000000.0,17997000000.0,34300000000.0,27560000000.0,61860000000.0,61860000000.0,-52000000.0,-52000000.0,8000000.0,,-60000000.0,1237000000.0,16760000000.0,15706000000.0,,,,-851000000.0,,,,,,,0.0,,,995000000.0,995000000.0,-12000000.0,1054000000.0,,,,8000000.0,995000000.0,995000000.0,,,,,,10000000.0,,,
IBM,2022-12-31,33810000.0,0.21,7013000000.0,1783000000.0,4802000000.0,24102000000.0,7174000000.0,2372000000.0,-1054000000.0,1216000000.0,162000000.0,1655810000.0,1640000000.0,52375000000.0,,912300000.0,902700000.0,1.8,1.82,1639000000.0,1639000000.0,1640000000.0,1640000000.0,1783000000.0,-626000000.0,1156000000.0,-5944000000.0,-6105000000.0,-1054000000.0,1216000000.0,162000000.0,8154000000.0,24533000000.0,6567000000.0,17483000000.0,32687000000.0,27842000000.0,60530000000.0,60530000000.0,161000000.0,161000000.0,21000000.0,,140000000.0,1330000000.0,16153000000.0,15537000000.0,,,,-643000000.0,,,,,,,0.0,,,1062000000.0,1062000000.0,-143000000.0,616000000.0,,,,21000000.0,1062000000.0,1062000000.0,,,,,,64000000.0,,,
IBM,2021-12-31,3383915.650196,0.025636,12277000000.0,4712000000.0,6417000000.0,25865000000.0,12409000000.0,5992000000.0,-1103000000.0,1155000000.0,52000000.0,4583383915.650196,5742000000.0,50486000000.0,,904600000.0,896000000.0,6.35,6.41,5743000000.0,5743000000.0,5742000000.0,5742000000.0,4712000000.0,124000000.0,4837000000.0,-925000000.0,-1057000000.0,-1103000000.0,1155000000.0,52000000.0,6865000000.0,24621000000.0,6488000000.0,18745000000.0,31486000000.0,25865000000.0,57351000000.0,57351000000.0,132000000.0,132000000.0,35000000.0,,132000000.0,1413000000.0,16286000000.0,15550000000.0,,,,-612000000.0,,,,,,,0.0,,,1116000000.0,1116000000.0,1030000000.0,736000000.0,,,,35000000.0,1116000000.0,1116000000.0,,,,,,-71000000.0,,,
IBM,2020-12-31,0.0,0.27,10555000000.0,3932000000.0,6695000000.0,24314000000.0,10555000000.0,3860000000.0,-1288000000.0,1288000000.0,105000000.0,3932000000.0,5590000000.0,50517000000.0,,896600000.0,890300000.0,6.23,6.28,5590000000.0,5590000000.0,5590000000.0,5590000000.0,3932000000.0,-1360000000.0,2572000000.0,-802000000.0,-802000000.0,-1288000000.0,1288000000.0,105000000.0,4662000000.0,26203000000.0,6262000000.0,20561000000.0,30865000000.0,24314000000.0,55179000000.0,55179000000.0,-100000000.0,-100000000.0,-109000000.0,109000000.0,9000000.0,1542000000.0,20308000000.0,16800000000.0,,,,-620000000.0,,,,,,,-2000000.0,,,1123000000.0,1123000000.0,1658000000.0,3508000000.0,,,,41000000.0,1123000000.0,1123000000.0,,,,,,83000000.0,,,
IBM,2019-12-31,,,,,,,,,,,,,,,,,,,,,,,,,,,,,,,,,,,,,,,,,,,89000000.0,,,,,,,,,,,,,,,,,,,,,,,,,,,,,,,,,,,,
GS,2023-12-31,-350451000.0,0.207,,8516000000.0,4856000000.0,,,,6351000000.0,62164000000.0,68515000000.0,9858549000.0,8516000000.0,,,345800000.0,340800000.0,22.87,23.05,7907000000.0,7907000000.0,8516000000.0,8516000000.0,8516000000.0,2223000000.0,10739000000.0,,,,,,,,,16128000000.0,,,46254000000.0,46254000000.0,-1693000000.0,-1693000000.0,-1693000000.0,,0.0,629000000.0,15499000000.0,,115000000.0,,,,,,,1578000000.0,,,,,,4856000000.0,4856000000.0,,15499000000.0,,609000000.0,,,,,,,1053000000.0,1623000000.0,9134000000.0,,,,
GS,2022-12-31,-146850000.0,0.165,,11261000000.0,2455000000.0,,,,7678000000.0,21346000000.0,29024000000.0,12004150000.0,11261000000.0,,,358100000.0,352100000.0,30.06,30.42,10764000000.0,10764000000.0,11261000000.0,11261000000.0,11261000000.0,2225000000.0,13486000000.0,,,,,,,,,15960000000.0,,,47365000000.0,47365000000.0,-890000000.0,-890000000.0,-890000000.0,,0.0,812000000.0,15148000000.0,,576000000.0,,,,,,,314000000.0,,,,,,2455000000.0,2455000000.0,,15148000000.0,,497000000.0,,,,,,,1026000000.0,1887000000.0,8946000000.0,,,,
GS,2021-12-31,-28600000.0,0.2,,21635000000.0,2015000000.0,,,,6470000000.0,5650000000.0,12120000000.0,21749400000.0,21635000000.0,,,352299996.0,346599996.0,59.450001,60.250001,21151000000.0,21151000000.0,21635000000.0,21635000000.0,21635000000.0,5409000000.0,27044000000.0,,,,,,,,,18272000000.0,,,59339000000.0,59339000000.0,-143000000.0,-143000000.0,-143000000.0,,0.0,553000000.0,17719000000.0,,534000000.0,,,,,,,143000000.0,,,,,,2015000000.0,2015000000.0,,17719000000.0,,484000000.0,,,,,,,981000000.0,1648000000.0,8879000000.0,,,,
GS,2020-12-31,-868803590.031253,0.242007,,9459000000.0,1902000000.0,,,,4751000000.0,8938000000.0,13689000000.0,12180196409.968746,9459000000.0,,,360299996.0,356399996.0,24.74,24.94,8915000000.0,8915000000.0,9459000000.0,9459000000.0,9459000000.0,3020000000.0,12479000000.0,,,,,,,,,13710000000.0,,,44559000000.0,44559000000.0,-3590000000.0,-3590000000.0,-3590000000.0,,0.0,401000000.0,13309000000.0,5488000000.0,3420000000.0,,,,,,,171000000.0,,,,,,1902000000.0,1902000000.0,,13309000000.0,,544000000.0,,,,,,,960000000.0,1306000000.0,7514000000.0,,,,
GS,2019-12-31,,,,,,,,,,,,,,,,,,,,,,,,,,,,,,,,,,,,,,,,,,,,,,,4680000000.0,,,,,,,,,,,,,,,,,,,,,,,,,,,,,,,,
CAT,2023-12-31,-18105000.0,0.213,15790000000.0,10335000000.0,2144000000.0,43797000000.0,15705000000.0,13561000000.0,-17000000.0,511000000.0,494000000.0,10401895000.0,10335000000.0,54094000000.0,12966000000.0,513600000.0,510600000.0,20.12,20.24,10335000000.0,10335000000.0,10335000000.0,10332000000.0,10332000000.0,2781000000.0,13050000000.0,101000000.0,186000000.0,-17000000.0,511000000.0,494000000.0,12966000000.0,10297000000.0,2108000000.0,6371000000.0,23263000000.0,43797000000.0,67060000000.0,67060000000.0,-85000000.0,-85000000.0,0.0,,-85000000.0,,,,,,63000000.0,1818000000.0,,,3000000.0,0.0,,,,,,,,,,,,,,,,,,,,,,,,
CAT,2022-12-31,-206972000.0,0.236,12291000000.0,6705000000.0,2219000000.0,41915000000.0,11414000000.0,9195000000.0,-276000000.0,443000000.0,167000000.0,7375028000.0,6705000000.0,50598000000.0,7904000000.0,530400000.0,526900000.0,12.64,12.72,6705000000.0,6705000000.0,6705000000.0,6704000000.0,6704000000.0,2067000000.0,8752000000.0,199000000.0,1076000000.0,-276000000.0,443000000.0,167000000.0,8829000000.0,8683000000.0,1814000000.0,5651000000.0,17512000000.0,41915000000.0,59427000000.0,59427000000.0,-877000000.0,-877000000.0,-925000000.0,,48000000.0,,,,,,19000000.0,1218000000.0,,,1000000.0,925000000.0,,,,,,,,,,,,,,,,,,,,,,,,
CAT,2021-12-31,51809848.854217,0.212335,10800000000.0,6489000000.0,2352000000.0,35968000000.0,11044000000.0,8692000000.0,-408000000.0,488000000.0,80000000.0,6296809848.854217,6489000000.0,44093000000.0,6878000000.0,548500000.0,544000000.0,11.83,11.93,6489000000.0,6489000000.0,6489000000.0,6493000000.0,6493000000.0,1742000000.0,8204000000.0,1734000000.0,1490000000.0,-408000000.0,488000000.0,80000000.0,6878000000.0,8125000000.0,1686000000.0,5365000000.0,15003000000.0,35968000000.0,50971000000.0,50971000000.0,244000000.0,244000000.0,0.0,,244000000.0,,,,,,31000000.0,1074000000.0,,,-4000000.0,0.0,,,,,,,,,,,,,,,,,,,,,,,,
CAT,2020-12-31,-39312000.0,0.252,7097000000.0,2998000000.0,2432000000.0,29671000000.0,6941000000.0,4509000000.0,-402000000.0,514000000.0,112000000.0,3114688000.0,2998000000.0,37195000000.0,4553000000.0,548600000.0,544100000.0,5.46,5.51,2998000000.0,2998000000.0,2998000000.0,3003000000.0,3003000000.0,1006000000.0,3995000000.0,-156000000.0,,-402000000.0,514000000.0,112000000.0,4553000000.0,7524000000.0,1415000000.0,4642000000.0,12077000000.0,29671000000.0,41748000000.0,41748000000.0,-156000000.0,-156000000.0,0.0,,-156000000.0,,,,,,14000000.0,1467000000.0,,,-5000000.0,0.0,,,,,,,,,,,,,,,,,,,,,,,,
CAT,2019-12-31,,,,,,,,,,,,,,,,,,,,,,,,,,,,-257000000.0,,,,,,,,,,,,,,,,,,,,,,,,,,,,,,,,,,,,,,,,,,,,,,,,,,,
BLK,2023-12-31,135892000.0,0.212,7233000000.0,5502000000.0,427000000.0,9236000000.0,7874000000.0,7447000000.0,181000000.0,292000000.0,473000000.0,4996892000.0,5502000000.0,11526000000.0,6275000000.0,150700000.0,149300000.0,36.51,36.85,5502000000.0,5502000000.0,5502000000.0,5676000000.0,5676000000.0,1479000000.0,7155000000.0,641000000.0,,181000000.0,292000000.0,473000000.0,6333000000.0,2014000000.0,,1863000000.0,8347000000.0,9512000000.0,17859000000.0,17859000000.0,641000000.0,641000000.0,-64000000.0,,705000000.0,344000000.0,1519000000.0,1101000000.0,,,,,64000000.0,418000000.0,-174000000.0,,,,,,,151000000.0,151000000.0,,,,,,,151000000.0,151000000.0,,,,,,,418000000.0,,
BLK,2022-12-31,-27800000.0,0.2,7059000000.0,5178000000.0,418000000.0,9179000000.0,6920000000.0,6502000000.0,-60000000.0,212000000.0,152000000.0,5289200000.0,5178000000.0,11384000000.0,6385000000.0,152440471.0,150921161.0,33.97,34.31,5178000000.0,5178000000.0,5178000000.0,4994000000.0,4994000000.0,1296000000.0,6290000000.0,-139000000.0,,-60000000.0,212000000.0,152000000.0,6489000000.0,1938000000.0,,1787000000.0,8427000000.0,9446000000.0,17873000000.0,17873000000.0,-139000000.0,-139000000.0,-94000000.0,,-45000000.0,331000000.0,1456000000.0,1053000000.0,,,,,94000000.0,403000000.0,184000000.0,,,,,,,151000000.0,151000000.0,,,,,,,151000000.0,151000000.0,,,,,,,403000000.0,,
BLK,2021-12-31,193356662.18035,0.240793,7990000000.0,5901000000.0,415000000.0,9650000000.0,8793000000.0,8378000000.0,-118000000.0,205000000.0,87000000.0,5291356662.18035,5901000000.0,11886000000.0,7450000000.0,155024453.0,152847435.0,38.06712,38.60496,5901000000.0,5901000000.0,5901000000.0,6205000000.0,6205000000.0,1968000000.0,8173000000.0,803000000.0,,-118000000.0,205000000.0,87000000.0,7488000000.0,1968000000.0,,1821000000.0,9456000000.0,9918000000.0,19374000000.0,19374000000.0,803000000.0,803000000.0,-34000000.0,,837000000.0,238000000.0,1583000000.0,1219000000.0,,,,,34000000.0,364000000.0,-304000000.0,,,,,,,147000000.0,147000000.0,,,,,,,147000000.0,147000000.0,,,,,,,364000000.0,,
BLK,2020-12-31,70800000.0,0.2,6733000000.0,4932000000.0,358000000.0,7970000000.0,7087000000.0,6729000000.0,-143000000.0,205000000.0,62000000.0,4648800000.0,4932000000.0,9892000000.0,5695000000.0,155462430.0,154105843.0,31.7226,32.00148,4932000000.0,4932000000.0,4932000000.0,5286000000.0,5286000000.0,1238000000.0,6524000000.0,354000000.0,,-143000000.0,205000000.0,62000000.0,6313000000.0,1670000000.0,,1564000000.0,7983000000.0,8222000000.0,16205000000.0,16205000000.0,354000000.0,354000000.0,-612000000.0,,966000000.0,229000000.0,1335000000.0,1016000000.0,589000000.0,,,,23000000.0,319000000.0,-354000000.0,,,,,,,106000000.0,106000000.0,,,,,,,106000000.0,106000000.0,,,,,,,319000000.0,,
UPS,2023-12-31,47306000.0,0.218,12507000000.0,6708000000.0,3366000000.0,73727000000.0,12724000000.0,9358000000.0,-785000000.0,785000000.0,,6538306000.0,6708000000.0,81817000000.0,9141000000.0,860000000.0,859000000.0,7.8,7.81,6708000000.0,6708000000.0,6708000000.0,6708000000.0,6708000000.0,1865000000.0,8573000000.0,217000000.0,,-785000000.0,785000000.0,,9141000000.0,8090000000.0,,,17231000000.0,73727000000.0,90958000000.0,90958000000.0,217000000.0,217000000.0,,,217000000.0,,,,,,,8090000000.0,,2019000000.0,,,,,,,,,,,,,,,,,,,,,,,,,,
UPS,2022-12-31,538135000.0,0.221,16282000000.0,11548000000.0,3188000000.0,79329000000.0,18717000000.0,15529000000.0,-704000000.0,704000000.0,,9651135000.0,11548000000.0,87244000000.0,13094000000.0,875000000.0,871000000.0,13.2,13.26,11548000000.0,11548000000.0,11548000000.0,11548000000.0,11548000000.0,3277000000.0,14825000000.0,2435000000.0,,-704000000.0,704000000.0,,13094000000.0,7915000000.0,,,21009000000.0,79329000000.0,100338000000.0,100338000000.0,2435000000.0,2435000000.0,,,2435000000.0,,,,,,,7915000000.0,,1844000000.0,,,,,,,,,,,,,,,,,,,,,,,,,,
UPS,2021-12-31,998817000.0,0.223,15763000000.0,12890000000.0,2953000000.0,77007000000.0,20242000000.0,17289000000.0,-694000000.0,694000000.0,,9409817000.0,12890000000.0,84477000000.0,12810000000.0,878000000.0,874000000.0,14.68,14.75,12890000000.0,12890000000.0,12890000000.0,12890000000.0,12890000000.0,3705000000.0,16595000000.0,4479000000.0,,-694000000.0,694000000.0,,12810000000.0,7470000000.0,,,20280000000.0,77007000000.0,97287000000.0,97287000000.0,4479000000.0,4479000000.0,,,4479000000.0,,,,,,,7470000000.0,,1719000000.0,,,,,,,,,,,,,,,,,,,,,,,,,,
UPS,2020-12-31,-1397808000.0,0.272,10382000000.0,1343000000.0,2698000000.0,69344000000.0,5243000000.0,2545000000.0,-701000000.0,701000000.0,,5084192000.0,1343000000.0,76944000000.0,7684000000.0,871000000.0,867000000.0,1.64,1.65,1343000000.0,1343000000.0,1343000000.0,1343000000.0,1343000000.0,501000000.0,1844000000.0,-5139000000.0,,-701000000.0,701000000.0,,7684000000.0,7600000000.0,,,15284000000.0,69344000000.0,84628000000.0,84628000000.0,-5139000000.0,-5139000000.0,,,-5139000000.0,,,,,,,7600000000.0,,1539000000.0,,,,,,,,,,,,,,,,,,,,,,,,,,
MDT,2024-04-30,-87750000.0,0.234,8578000000.0,3676000000.0,2647000000.0,10262000000.0,8203000000.0,5556000000.0,-719000000.0,719000000.0,,3963250000.0,3676000000.0,26844000000.0,5144000000.0,1330200000.0,1327700000.0,2.76,2.77,3676000000.0,3676000000.0,3676000000.0,3705000000.0,3705000000.0,1133000000.0,4837000000.0,37000000.0,412000000.0,-719000000.0,719000000.0,,5520000000.0,15628000000.0,2735000000.0,10736000000.0,21148000000.0,11216000000.0,32364000000.0,32364000000.0,-375000000.0,-375000000.0,-375000000.0,,,,,,149000000.0,,,464000000.0,226000000.0,,-28000000.0,,,,,,,1693000000.0,1693000000.0,,,,,,,1693000000.0,1693000000.0,,,,,,,,,
MDT,2023-04-30,-101775000.0,0.295,9042000000.0,3758000000.0,2697000000.0,9720000000.0,8697000000.0,6000000000.0,-636000000.0,636000000.0,,4001225000.0,3758000000.0,25397000000.0,5485000000.0,1332800000.0,1329800000.0,2.82,2.83,3758000000.0,3758000000.0,3758000000.0,3784000000.0,3784000000.0,1580000000.0,5364000000.0,170000000.0,515000000.0,-636000000.0,636000000.0,,5830000000.0,14678000000.0,2696000000.0,10415000000.0,20508000000.0,10719000000.0,31227000000.0,31227000000.0,-345000000.0,-345000000.0,-345000000.0,,,,,,-30000000.0,,,-131000000.0,375000000.0,,-26000000.0,,,,,,,1698000000.0,1698000000.0,,,,,,,1698000000.0,1698000000.0,,,,,,,,,
MDT,2022-04-30,-12865000.0,0.083,8932000000.0,5039000000.0,2707000000.0,9171000000.0,8777000000.0,6070000000.0,-553000000.0,553000000.0,,5181135000.0,5039000000.0,25778000000.0,5752000000.0,1351400000.0,1342400000.0,3.73,3.75,5039000000.0,5039000000.0,5039000000.0,5062000000.0,5062000000.0,456000000.0,5517000000.0,163000000.0,318000000.0,-553000000.0,553000000.0,,5908000000.0,15633000000.0,2746000000.0,10292000000.0,21541000000.0,10145000000.0,31686000000.0,31686000000.0,-155000000.0,-155000000.0,-155000000.0,,,,,,95000000.0,,,862000000.0,60000000.0,,-22000000.0,,,,,,,1733000000.0,1733000000.0,,,,,,,1733000000.0,1733000000.0,,,,,,,,,
MDT,2021-04-30,-27962772.785623,0.068036,7933000000.0,3606000000.0,2702000000.0,9564000000.0,7522000000.0,4820000000.0,-925000000.0,925000000.0,,3989037227.214377,3606000000.0,25222000000.0,4484000000.0,1354000000.0,1344900000.0,2.66,2.68,3606000000.0,3606000000.0,3606000000.0,3630000000.0,3630000000.0,265000000.0,3895000000.0,-75000000.0,336000000.0,-925000000.0,925000000.0,,4895000000.0,14739000000.0,2493000000.0,10148000000.0,19634000000.0,10483000000.0,30117000000.0,30117000000.0,-411000000.0,-411000000.0,-411000000.0,,,,,,118000000.0,,,315000000.0,293000000.0,,-24000000.0,,,,,,,1783000000.0,1783000000.0,,,,,,,1783000000.0,1783000000.0,,,,,,,,,
MDT,2020-04-30,,,,,,,,,,,,,,,,,,,,,,,,,,,,,,,,,,,,,,,,,,,,,,,,,,,,,,,,,,,,,,,,,,,0.0,,,,,,,,,,,,
SCHW,2023-12-31,0.0,0.206,,5067000000.0,1338000000.0,,,,9427000000.0,6684000000.0,16111000000.0,5067000000.0,5067000000.0,,,1831000000.0,1824000000.0,2.54,2.55,4649000000.0,4649000000.0,5067000000.0,5067000000.0,5067000000.0,1311000000.0,6378000000.0,,,,,,,,,6712000000.0,,,18837000000.0,18837000000.0,,,,,0.0,397000000.0,6315000000.0,,,,,,,,,,,,,,,1338000000.0,1338000000.0,,6315000000.0,,418000000.0,,,534000000.0,534000000.0,804000000.0,,1254000000.0,1058000000.0,2097000000.0,,,,
SCHW,2022-12-31,0.0,0.235,,7183000000.0,1248000000.0,,,,10682000000.0,1545000000.0,12227000000.0,7183000000.0,7183000000.0,,,1894000000.0,1885000000.0,3.5,3.52,6635000000.0,6635000000.0,7183000000.0,7183000000.0,7183000000.0,2205000000.0,9388000000.0,,,,,,,,,6355000000.0,,,20762000000.0,20762000000.0,,,,,0.0,419000000.0,5936000000.0,,,,,,,,,,,,,,,1248000000.0,1248000000.0,,5936000000.0,,548000000.0,,,596000000.0,596000000.0,652000000.0,,1175000000.0,1032000000.0,1564000000.0,,,,
SCHW,2021-12-31,0.0,0.241,,5855000000.0,1164000000.0,,,,8030000000.0,476000000.0,8506000000.0,5855000000.0,5855000000.0,,,1897000000.0,1887000000.0,2.83,2.84,5360000000.0,5360000000.0,5855000000.0,5855000000.0,5855000000.0,1858000000.0,7713000000.0,,,,,,,,,5935000000.0,,,18520000000.0,18520000000.0,,,,,0.0,485000000.0,5450000000.0,862000000.0,,,,,,,,,,,,,,1164000000.0,1164000000.0,,5450000000.0,,495000000.0,,,615000000.0,615000000.0,549000000.0,,976000000.0,994000000.0,1738000000.0,,,,
SCHW,2020-12-31,0.0,0.233,,3299000000.0,604000000.0,,,,6113000000.0,418000000.0,6531000000.0,3299000000.0,3299000000.0,,,1435000000.0,1429000000.0,2.12,2.13,3043000000.0,3043000000.0,3299000000.0,3299000000.0,3299000000.0,1001000000.0,4300000000.0,,,,,,,,,4280000000.0,,,11691000000.0,11691000000.0,,,,,0.0,326000000.0,3954000000.0,516000000.0,,,,,,,,,,,,,,604000000.0,604000000.0,,3954000000.0,,256000000.0,,,190000000.0,190000000.0,414000000.0,,703000000.0,843000000.0,961000000.0,,,,
SCHW,2019-12-31,,,,,,,,,,,,,,,,,,,,,,,,,,,,,,,,,,,,,,,,,,,,,,,375000000.0,,,,,,,,,,,,,,,,,,,,,,,,,,,,,,,,
UNP,2023-12-31,93150000.0,0.225,11477000000.0,6379000000.0,2318000000.0,13590000000.0,11891000000.0,9573000000.0,-1288000000.0,1340000000.0,52000000.0,6058150000.0,6379000000.0,15037000000.0,9082000000.0,610200000.0,609200000.0,10.45,10.47,6379000000.0,6379000000.0,6379000000.0,6379000000.0,6379000000.0,1854000000.0,8233000000.0,439000000.0,25000000.0,-1288000000.0,1340000000.0,52000000.0,9082000000.0,1447000000.0,,,10529000000.0,13590000000.0,24119000000.0,22571000000.0,414000000.0,414000000.0,,,414000000.0,,,,,,,1447000000.0,,947000000.0,,,,,,,,,,,,,,,,,,,,,,,,,,
UNP,2022-12-31,87249000.0,0.229,12208000000.0,6998000000.0,2246000000.0,13670000000.0,12589000000.0,10343000000.0,-1248000000.0,1271000000.0,23000000.0,6704249000.0,6998000000.0,14958000000.0,9917000000.0,624000000.0,622700000.0,11.21,11.24,6998000000.0,6998000000.0,6998000000.0,6998000000.0,6998000000.0,2074000000.0,9072000000.0,403000000.0,22000000.0,-1248000000.0,1271000000.0,23000000.0,9917000000.0,1288000000.0,,,11205000000.0,13670000000.0,24875000000.0,23159000000.0,381000000.0,381000000.0,,,381000000.0,,,,,,,1288000000.0,,898000000.0,,,,,,,,,,,,,,,,,,,,,,,,,,
UNP,2021-12-31,69069000.0,0.231,11544000000.0,6523000000.0,2208000000.0,11290000000.0,11843000000.0,9635000000.0,-1153000000.0,1157000000.0,4000000.0,6293069000.0,6523000000.0,12466000000.0,9338000000.0,655400000.0,653800000.0,9.95,9.98,6523000000.0,6523000000.0,6523000000.0,6523000000.0,6523000000.0,1955000000.0,8478000000.0,293000000.0,-6000000.0,-1153000000.0,1157000000.0,4000000.0,9338000000.0,1176000000.0,,,10514000000.0,11290000000.0,21804000000.0,20244000000.0,299000000.0,299000000.0,98000000.0,,299000000.0,,,,,,,1176000000.0,,859000000.0,,,,,,,,,,,,,,,98000000.0,,,,,,,,,,,
UNP,2020-12-31,26910000.0,0.234,10216000000.0,5349000000.0,2210000000.0,10354000000.0,10331000000.0,8121000000.0,-1129000000.0,1141000000.0,12000000.0,5260910000.0,5349000000.0,11699000000.0,7834000000.0,679100000.0,677300000.0,7.88,7.9,5349000000.0,5349000000.0,5349000000.0,5349000000.0,5349000000.0,1631000000.0,6980000000.0,275000000.0,160000000.0,-1129000000.0,1141000000.0,12000000.0,7834000000.0,1345000000.0,,,9179000000.0,10354000000.0,19533000000.0,18251000000.0,115000000.0,115000000.0,115000000.0,,,,,,,,,1345000000.0,,875000000.0,,,,,,,,,,,,,,,115000000.0,,,,,,,,,,,
UNP,2019-12-31,,,,,,,,,,,,,,,,,,,,,,,,,,,,,,,,,,,,,,,,,,20000000.0,,,,,,2000000.0,,,,,,,,,,,,,,,,,,,,20000000.0,,,,,,,,,,,
DE,2023-10-31,55572010.139028,0.220524,17224000000.0,10166000000.0,2004000000.0,36791000000.0,17476000000.0,15472000000.0,-2453000000.0,2453000000.0,,9969572010.139029,10166000000.0,45657000000.0,,293600000.0,292200000.0,34.63,34.8,10166000000.0,10166000000.0,10166000000.0,10155000000.0,10155000000.0,2871000000.0,13019000000.0,881000000.0,629000000.0,-2453000000.0,2453000000.0,,14591000000.0,7715000000.0,2177000000.0,4618000000.0,22306000000.0,37942000000.0,60248000000.0,60248000000.0,252000000.0,252000000.0,345000000.0,,-93000000.0,,4618000000.0,4595000000.0,-312000000.0,,7000000.0,67000000.0,,,11000000.0,,,,,,,853000000.0,853000000.0,,-286000000.0,,,,33000000.0,,,853000000.0,,,,,,,309000000.0,
DE,2022-10-31,125121398.049743,0.219897,11515000000.0,7131000000.0,1895000000.0,34484000000.0,12084000000.0,10189000000.0,-1062000000.0,1062000000.0,,6687121398.049743,7131000000.0,42256000000.0,,306300000.0,304500000.0,23.28,23.42,7131000000.0,7131000000.0,7131000000.0,7130000000.0,7130000000.0,2007000000.0,9127000000.0,1163000000.0,594000000.0,-1062000000.0,1062000000.0,,9026000000.0,6704000000.0,1912000000.0,3912000000.0,15730000000.0,35552000000.0,51282000000.0,51282000000.0,569000000.0,569000000.0,361000000.0,,208000000.0,,3912000000.0,3863000000.0,-289000000.0,,10000000.0,53000000.0,,,1000000.0,,,,,,,827000000.0,827000000.0,,-218000000.0,,,,72000000.0,,,827000000.0,,,,,,,267000000.0,
DE,2021-10-31,59759536.963957,0.2181,10371000000.0,5963000000.0,2050000000.0,28251000000.0,10645000000.0,8595000000.0,-993000000.0,993000000.0,,5748759536.963957,5963000000.0,35370000000.0,,314000000.0,311600000.0,18.99,19.14,5963000000.0,5963000000.0,5963000000.0,5965000000.0,5965000000.0,1658000000.0,7602000000.0,932000000.0,658000000.0,-993000000.0,993000000.0,,7663000000.0,6052000000.0,1587000000.0,3435000000.0,13715000000.0,29318000000.0,43033000000.0,43033000000.0,274000000.0,274000000.0,292000000.0,,-18000000.0,,3435000000.0,3383000000.0,-227000000.0,,21000000.0,47000000.0,,,-2000000.0,,,,,,,983000000.0,983000000.0,,-183000000.0,,,,65000000.0,,,983000000.0,,,,,,,235000000.0,
DE,2020-10-31,53779551.892866,0.278651,7055000000.0,2751000000.0,2118000000.0,22830000000.0,7248000000.0,5130000000.0,-1247000000.0,1247000000.0,,2611779551.892866,2751000000.0,30354000000.0,,316600000.0,313500000.0,8.69,8.77,2751000000.0,2751000000.0,2751000000.0,2753000000.0,2753000000.0,1082000000.0,3883000000.0,762000000.0,569000000.0,-1247000000.0,1247000000.0,,4368000000.0,6489000000.0,1644000000.0,3677000000.0,10857000000.0,23865000000.0,34722000000.0,34722000000.0,193000000.0,193000000.0,171000000.0,,22000000.0,,3677000000.0,3477000000.0,-223000000.0,,-48000000.0,85000000.0,,,-2000000.0,52000000.0,,,,,,1083000000.0,1083000000.0,,-31000000.0,,,,,,,1083000000.0,,,,,,,231000000.0,
DE,2019-10-31,,,,,,,,,,,,,,,,,,,,,,,,,,,,,,,,,,,,,,,,,,,,,,,,,,,,,,,159000000.0,,,,,,,,,,,,,,,,,,,,,,,,
LOW,2024-01-31,0.0,0.241,13581000000.0,7726000000.0,1923000000.0,57327000000.0,13581000000.0,11658000000.0,-1382000000.0,1483000000.0,101000000.0,7726000000.0,7726000000.0,74820000000.0,11557000000.0,584000000.0,582000000.0,13.2,13.23,7706000000.0,7706000000.0,7726000000.0,7726000000.0,7726000000.0,2449000000.0,10175000000.0,,,-1382000000.0,1483000000.0,101000000.0,11557000000.0,17287000000.0,,15570000000.0,28844000000.0,57533000000.0,86377000000.0,85099000000.0,,,,,,,,,,,,,,,,,,,,20000000.0,,1717000000.0,1717000000.0,,,,,,,,,,,,,,,,,
LOW,2023-01-31,0.0,0.288,12177000000.0,6437000000.0,1981000000.0,64587000000.0,12177000000.0,10196000000.0,-1123000000.0,1160000000.0,37000000.0,6437000000.0,6437000000.0,86900000000.0,10159000000.0,631000000.0,629000000.0,10.17,10.2,6416000000.0,6416000000.0,6437000000.0,6437000000.0,6437000000.0,2599000000.0,9036000000.0,,,-1123000000.0,1160000000.0,37000000.0,10159000000.0,22098000000.0,,20332000000.0,32257000000.0,64802000000.0,97059000000.0,95570000000.0,0.0,0.0,0.0,,,,,,,,,,,,,,,,,21000000.0,,1766000000.0,1766000000.0,,,,,,,,,,,,,,,,,
LOW,2022-01-31,0.0,0.247,13987000000.0,8442000000.0,1882000000.0,63974000000.0,13987000000.0,12105000000.0,-885000000.0,897000000.0,12000000.0,8442000000.0,8442000000.0,84157000000.0,12093000000.0,699000000.0,696000000.0,12.04,12.07,8409000000.0,8409000000.0,8442000000.0,8442000000.0,8442000000.0,2766000000.0,11208000000.0,,,-885000000.0,897000000.0,12000000.0,12093000000.0,19963000000.0,,18301000000.0,32056000000.0,64194000000.0,96250000000.0,94719000000.0,0.0,0.0,0.0,,,,,,,,,,,,,,,,,33000000.0,,1662000000.0,1662000000.0,,,,,,,,,,,,,,,,,
LOW,2021-01-31,-260760000.0,0.246,11265000000.0,5835000000.0,1594000000.0,59830000000.0,10205000000.0,8611000000.0,-848000000.0,872000000.0,24000000.0,6634240000.0,5835000000.0,79950000000.0,9647000000.0,750000000.0,748000000.0,7.75,7.77,5811000000.0,5811000000.0,5835000000.0,5835000000.0,5835000000.0,1904000000.0,7739000000.0,-1060000000.0,,-848000000.0,872000000.0,24000000.0,9647000000.0,19925000000.0,,18526000000.0,29572000000.0,60025000000.0,89597000000.0,87995000000.0,-1060000000.0,-1060000000.0,-1060000000.0,,,,,,1060000000.0,,,,,,,,,,,24000000.0,20000000.0,1399000000.0,1399000000.0,,,,,,,,,,,,,,,,,
LOW,2020-01-31,,,,,,,,,,,,,,,,,,,,,,,,,,,,,,,,,,,,,,,,0.0,0.0,0.0,,,,,,,,,,,,,,,,,,21000000.0,,,,,,,,,,,,,,,,,,,
GILD,2023-12-31,-219310000.0,0.182,11701000000.0,5665000000.0,2693000000.0,6498000000.0,10496000000.0,7803000000.0,-944000000.0,944000000.0,,6650690000.0,5665000000.0,18306000000.0,7605000000.0,1258000000.0,1248000000.0,4.5,4.54,5665000000.0,5665000000.0,5665000000.0,5613000000.0,5612000000.0,1247000000.0,6859000000.0,-1007000000.0,198000000.0,-944000000.0,944000000.0,,8810000000.0,11808000000.0,5718000000.0,6090000000.0,20618000000.0,6498000000.0,27116000000.0,27116000000.0,-1205000000.0,-1205000000.0,-1205000000.0,50000000.0,,,,,1155000000.0,,,,,,52000000.0,,,,,,,,,,,,,,,,,,,,,,,,,
GILD,2022-12-31,-783460000.0,0.215,12496000000.0,4592000000.0,2103000000.0,5657000000.0,8852000000.0,6749000000.0,-935000000.0,935000000.0,,7452540000.0,4592000000.0,16307000000.0,7330000000.0,1262000000.0,1255000000.0,3.64,3.66,4592000000.0,4592000000.0,4592000000.0,4566000000.0,4566000000.0,1248000000.0,5814000000.0,-4225000000.0,-581000000.0,-935000000.0,935000000.0,,10974000000.0,10650000000.0,4977000000.0,5673000000.0,21624000000.0,5657000000.0,27281000000.0,27281000000.0,-3644000000.0,-3644000000.0,-3644000000.0,2700000000.0,,,,,944000000.0,,,,,,26000000.0,,,,,,,,,,,,,,,,,,,,,,,,,
GILD,2021-12-31,-235689000.0,0.251,12268000000.0,6225000000.0,2050000000.0,6601000000.0,11329000000.0,9279000000.0,-1001000000.0,1001000000.0,,6928311000.0,6225000000.0,16448000000.0,9918000000.0,1262000000.0,1256000000.0,4.93,4.96,6225000000.0,6225000000.0,6225000000.0,6201000000.0,6201000000.0,2077000000.0,8278000000.0,-1578000000.0,-639000000.0,-1001000000.0,1001000000.0,,10857000000.0,9847000000.0,4601000000.0,5246000000.0,20704000000.0,6601000000.0,27305000000.0,27305000000.0,-939000000.0,-939000000.0,-939000000.0,0.0,,,,,939000000.0,,,,,,24000000.0,,,,,,,,,,,,,,,,,,,,,,,,,
GILD,2020-12-31,-1581120000.0,0.27,9989000000.0,123000000.0,1480000000.0,4572000000.0,4133000000.0,2653000000.0,-984000000.0,984000000.0,,4397880000.0,123000000.0,14762000000.0,4071000000.0,1263000000.0,1257000000.0,0.1,0.1,123000000.0,123000000.0,123000000.0,89000000.0,89000000.0,1580000000.0,1669000000.0,-7274000000.0,-1418000000.0,-984000000.0,984000000.0,,9927000000.0,10190000000.0,5039000000.0,5151000000.0,20117000000.0,4572000000.0,24689000000.0,24689000000.0,-5856000000.0,-5856000000.0,-5856000000.0,,,,,,5856000000.0,,,,,,34000000.0,,,,,,,,,,,,,,,,,,,,,,,,,
CVS,2023-12-31,-214856000.0,0.251,19053000000.0,8344000000.0,4366000000.0,303345000000.0,18197000000.0,13831000000.0,-2658000000.0,2658000000.0,,8985144000.0,8344000000.0,343177000000.0,13743000000.0,1290000000.0,1285000000.0,6.47,6.49,8344000000.0,8344000000.0,8344000000.0,8368000000.0,8368000000.0,2805000000.0,11173000000.0,-768000000.0,88000000.0,-2658000000.0,2658000000.0,,14599000000.0,39832000000.0,,,54431000000.0,303345000000.0,357776000000.0,357776000000.0,-856000000.0,-856000000.0,-856000000.0,,,,,,,,,39832000000.0,507000000.0,,-24000000.0,0.0,,,,,,,,,,,,,-349000000.0,,,,,,,,,,,
CVS,2022-12-31,-2159024000.0,0.259,20683000000.0,4311000000.0,4224000000.0,267965000000.0,12347000000.0,8123000000.0,-2287000000.0,2287000000.0,,10487976000.0,4311000000.0,306177000000.0,7954000000.0,1323000000.0,1312000000.0,3.26,3.29,4311000000.0,4311000000.0,4311000000.0,4327000000.0,4327000000.0,1509000000.0,5836000000.0,-8167000000.0,169000000.0,-2287000000.0,2287000000.0,,16290000000.0,38212000000.0,,,54502000000.0,267965000000.0,322467000000.0,322467000000.0,-8336000000.0,-8336000000.0,-8336000000.0,,,,,,5803000000.0,,,38212000000.0,0.0,,-16000000.0,0.0,,,,,,,,0.0,,,,,-2533000000.0,,,,,,,,,,,
CVS,2021-12-31,-542322000.0,0.242,19767000000.0,8001000000.0,4486000000.0,239991000000.0,17526000000.0,13040000000.0,-2503000000.0,2503000000.0,,9699678000.0,8001000000.0,277012000000.0,13310000000.0,1329000000.0,1319000000.0,5.95,6.0,8001000000.0,8001000000.0,8001000000.0,7989000000.0,7989000000.0,2548000000.0,10537000000.0,-2059000000.0,182000000.0,-2503000000.0,2503000000.0,,15099000000.0,37021000000.0,,,52120000000.0,239991000000.0,292111000000.0,292111000000.0,-2241000000.0,-2241000000.0,-2241000000.0,,,,,,452000000.0,,,37021000000.0,0.0,,12000000.0,1789000000.0,,,,,,,,0.0,,,,,0.0,,,,,,,,,,,
CVS,2020-12-31,-378720000.0,0.263,18558000000.0,7188000000.0,4441000000.0,219660000000.0,17118000000.0,12677000000.0,-2907000000.0,2907000000.0,,8249280000.0,7179000000.0,254795000000.0,13911000000.0,1314000000.0,1309000000.0,5.46,5.48,7179000000.0,7179000000.0,7179000000.0,7192000000.0,7201000000.0,2569000000.0,9770000000.0,-1234000000.0,206000000.0,-2907000000.0,2907000000.0,,13911000000.0,35135000000.0,,,49046000000.0,219660000000.0,268706000000.0,268706000000.0,-1440000000.0,-1440000000.0,-1440000000.0,,,,,,1440000000.0,,,35135000000.0,,,-13000000.0,0.0,,,,,,,,-9000000.0,,,,,,,,,,,,,,,,
CVS,2019-12-31,,,,,,,,,,,,,,,,,,,,,,,,,,,,,,,,,,,,,,,,,,,,,,,,79000000.0,,,,,,,,,,,,,,,0.0,,,,,,,,,,,,,,,,
SBUX,2023-09-30,16402000.0,0.236,7332800000.0,4124500000.0,1450300000.0,26041700000.0,7402300000.0,5952000000.0,-468900000.0,550100000.0,81200000.0,4071402000.0,4124500000.0,30472700000.0,5870800000.0,1151300000.0,1146800000.0,3.58,3.6,4124500000.0,4124500000.0,4124500000.0,4124700000.0,4124700000.0,1277200000.0,5401900000.0,367900000.0,,-468900000.0,550100000.0,81200000.0,5502900000.0,4343300000.0,,2441300000.0,9846200000.0,26129400000.0,35975600000.0,33975000000.0,69500000.0,69500000.0,69500000.0,,,,2441300000.0,2441300000.0,,298400000.0,,539400000.0,21800000.0,2871000000.0,-200000.0,,,,,,,1362600000.0,1362600000.0,,,,,0.0,91300000.0,,,,,,,,,,,
SBUX,2022-09-30,-10304000.0,0.224,6290200000.0,3281600000.0,1529400000.0,23797700000.0,6244200000.0,4714800000.0,-385900000.0,482900000.0,97000000.0,3317296000.0,3281600000.0,27820600000.0,4617800000.0,1158500000.0,1147900000.0,2.83,2.860031,3281600000.0,3281600000.0,3281600000.0,3283400000.0,3283400000.0,948500000.0,4231900000.0,188100000.0,,-385900000.0,482900000.0,97000000.0,4429700000.0,3941400000.0,,2032000000.0,8371100000.0,23879200000.0,32250300000.0,30231600000.0,-46000000.0,-46000000.0,-46000000.0,,,,2032000000.0,2032000000.0,,234100000.0,,461500000.0,46000000.0,2674100000.0,-1800000.0,,,,,,,1447900000.0,1447900000.0,,,,,0.0,0.0,,,,,,,,,,,
SBUX,2021-09-30,149925600.0,0.216,6656700000.0,4199300000.0,1524100000.0,20587200000.0,7350800000.0,5826700000.0,-379700000.0,469800000.0,90100000.0,3655125600.0,4199300000.0,24403400000.0,4872100000.0,1185500000.0,1180000000.0,3.54,3.561445,4199300000.0,4199300000.0,4199300000.0,4200300000.0,4200300000.0,1156600000.0,5356900000.0,1079400000.0,,-379700000.0,469800000.0,90100000.0,4657200000.0,3733800000.0,,1932600000.0,8391000000.0,20669600000.0,29060600000.0,27290600000.0,694100000.0,694100000.0,694100000.0,,,,1932600000.0,1932600000.0,,385300000.0,,359500000.0,170400000.0,2561500000.0,-1000000.0,,,,,,,1441700000.0,1441700000.0,,,,,864500000.0,0.0,,,,,,,,,,,
SBUX,2020-09-30,-57412200.0,0.206,3383300000.0,928300000.0,1503200000.0,18387000000.0,3104600000.0,1601400000.0,-397300000.0,437000000.0,39700000.0,1149587800.0,928300000.0,22000100000.0,1561700000.0,1181800000.0,1173300000.0,0.79,0.791187,928300000.0,928300000.0,928300000.0,924700000.0,924700000.0,239700000.0,1164400000.0,43800000.0,,-397300000.0,437000000.0,39700000.0,1517900000.0,3541200000.0,,1679600000.0,5059100000.0,18458900000.0,23518000000.0,21491700000.0,-278700000.0,-278700000.0,-278700000.0,,,,1679600000.0,1679600000.0,,322500000.0,,430300000.0,278700000.0,2388000000.0,3600000.0,,,,,,,1431300000.0,1431300000.0,,,,,0.0,,,,,,,,,,,,
INTU,2024-07-31,-36873521.126761,0.165352,4813000000.0,2963000000.0,789000000.0,3159000000.0,4590000000.0,3801000000.0,-104000000.0,251000000.0,147000000.0,3149126478.873239,2963000000.0,12408000000.0,3630000000.0,284000000.0,280000000.0,10.43,10.58,2963000000.0,2963000000.0,2963000000.0,2963000000.0,2963000000.0,587000000.0,3550000000.0,-223000000.0,,-104000000.0,251000000.0,147000000.0,3877000000.0,8943000000.0,2754000000.0,5706000000.0,12820000000.0,3465000000.0,16285000000.0,16285000000.0,-223000000.0,-223000000.0,-223000000.0,,,4312000000.0,1394000000.0,1418000000.0,,,,,223000000.0,,,,,,,,,483000000.0,483000000.0,,-24000000.0,,,,,483000000.0,483000000.0,,,,,,,,,
INTU,2023-07-31,0.0,0.202409,4065000000.0,2384000000.0,806000000.0,2820000000.0,4065000000.0,3259000000.0,-164000000.0,270000000.0,106000000.0,2384000000.0,2384000000.0,11215000000.0,3141000000.0,283000000.0,281000000.0,8.42,8.49,2384000000.0,2384000000.0,2384000000.0,2384000000.0,2384000000.0,605000000.0,2989000000.0,,,-164000000.0,270000000.0,106000000.0,3153000000.0,8072000000.0,2539000000.0,5050000000.0,11225000000.0,3143000000.0,14368000000.0,14368000000.0,0.0,0.0,0.0,,,3762000000.0,1288000000.0,1300000000.0,,,,,0.0,,,,,,,,,483000000.0,483000000.0,,-12000000.0,,,,,483000000.0,483000000.0,,,,,,,,,
INTU,2022-07-31,0.0,0.187254,3369000000.0,2066000000.0,746000000.0,2076000000.0,3369000000.0,2623000000.0,-17000000.0,81000000.0,64000000.0,2066000000.0,2066000000.0,10167000000.0,2571000000.0,284000000.0,280000000.0,7.28,7.38,2066000000.0,2066000000.0,2066000000.0,2066000000.0,2066000000.0,476000000.0,2542000000.0,37000000.0,37000000.0,-17000000.0,81000000.0,64000000.0,2559000000.0,7761000000.0,2347000000.0,4998000000.0,10320000000.0,2406000000.0,12726000000.0,12726000000.0,0.0,0.0,0.0,,,3526000000.0,1472000000.0,1460000000.0,,,,,0.0,,,,,,,,,416000000.0,416000000.0,,12000000.0,,,,,416000000.0,416000000.0,,,,,,,,,
INTU,2021-07-31,0.0,0.193271,2948000000.0,2062000000.0,363000000.0,1466000000.0,2948000000.0,2585000000.0,28000000.0,29000000.0,57000000.0,2062000000.0,2062000000.0,7105000000.0,2500000000.0,273000000.0,270000000.0,7.56,7.65,2062000000.0,2062000000.0,2062000000.0,2062000000.0,2062000000.0,494000000.0,2556000000.0,74000000.0,74000000.0,28000000.0,29000000.0,57000000.0,2528000000.0,5422000000.0,1678000000.0,3598000000.0,7950000000.0,1683000000.0,9633000000.0,9633000000.0,,,,,,2644000000.0,954000000.0,982000000.0,,,,,,,,,,,,,,146000000.0,146000000.0,,-28000000.0,,,,,146000000.0,146000000.0,,,,,,,,,
INTU,2020-07-31,,,,,,,,,,,,,,,,,,,,,,,,,,,-3000000.0,-3000000.0,,,,,,,,,,,,,,,,,,,,,,,,,,,,,,,,,,,,,,,,,,,,,,,,,,,
NOW,2023-12-31,0.0,0.21,1594000000.0,1731000000.0,562000000.0,1921000000.0,1594000000.0,1032000000.0,278000000.0,24000000.0,302000000.0,1731000000.0,1731000000.0,8209000000.0,762000000.0,206000000.0,204000000.0,8.42,8.48,1731000000.0,1731000000.0,1731000000.0,1731000000.0,1731000000.0,-723000000.0,1008000000.0,-32000000.0,-32000000.0,278000000.0,24000000.0,302000000.0,762000000.0,6288000000.0,2124000000.0,4164000000.0,7050000000.0,1921000000.0,8971000000.0,8971000000.0,,,,,,3301000000.0,863000000.0,863000000.0,,,,,,,,,,,,,,,,,,,,,,,,,,,,,,,,
NOW,2022-12-31,0.0,0.19,859000000.0,325000000.0,433000000.0,1573000000.0,859000000.0,426000000.0,55000000.0,27000000.0,82000000.0,325000000.0,325000000.0,6890000000.0,355000000.0,204000000.0,201000000.0,1.6,1.61,325000000.0,325000000.0,325000000.0,325000000.0,325000000.0,74000000.0,399000000.0,-11000000.0,-11000000.0,55000000.0,27000000.0,82000000.0,355000000.0,5317000000.0,1768000000.0,3549000000.0,5672000000.0,1573000000.0,7245000000.0,7245000000.0,,,,,,2814000000.0,735000000.0,735000000.0,,,,,,,,,,,,,,,,,,,,,,,,,,,,,,,,
NOW,2021-12-31,0.0,0.076305,729000000.0,230000000.0,472000000.0,1353000000.0,729000000.0,257000000.0,20000000.0,28000000.0,20000000.0,230000000.0,230000000.0,5639000000.0,257000000.0,203000000.0,198000000.0,1.13,1.16,230000000.0,230000000.0,230000000.0,230000000.0,230000000.0,19000000.0,249000000.0,-28000000.0,-28000000.0,20000000.0,28000000.0,20000000.0,257000000.0,4286000000.0,1397000000.0,2889000000.0,4543000000.0,1353000000.0,5896000000.0,5896000000.0,-3000000.0,-3000000.0,-3000000.0,,,2292000000.0,597000000.0,597000000.0,3000000.0,,,,,,,,,,,,,,,,,,,,,,,,,,,,,,,
NOW,2020-12-31,-9713333.333333,0.206667,566000000.0,119000000.0,336000000.0,987000000.0,519000000.0,183000000.0,6000000.0,33000000.0,39000000.0,156286666.666667,119000000.0,4320000000.0,199000000.0,202478000.0,193096000.0,0.59,0.61,119000000.0,119000000.0,119000000.0,119000000.0,119000000.0,31000000.0,150000000.0,-55000000.0,-8000000.0,6000000.0,33000000.0,39000000.0,199000000.0,3333000000.0,1024000000.0,2309000000.0,3532000000.0,987000000.0,4519000000.0,4519000000.0,-47000000.0,-47000000.0,-47000000.0,,-14076000.0,1855000000.0,454000000.0,454000000.0,47000000.0,,,,,,,,,,,,,,,,,,,,,,,,,,,,,,,
NOW,2019-12-31,,,,,,,,,,,,,,,,,,,,,,,,,,,,,,,,,,,,,,,,-594000.0,-594000.0,0.0,,-594000.0,,,,,,,,,,,,,,,,1606000.0,,,,,,,,,,,,,,,,,,,
PLD,2023-12-31,43484994.756339,0.06092,5853992000.0,3059214000.0,2484891000.0,2010335000.0,6567797000.0,4082906000.0,-641332000.0,618723000.0,,2388893994.756339,3059214000.0,4938986000.0,3707792000.0,951791000.0,924351000.0,3.29,3.3,3131179000.0,3053373000.0,3059214000.0,3253145000.0,3253145000.0,211038000.0,3464183000.0,1021032000.0,,-641332000.0,618723000.0,,3084483000.0,2928651000.0,,390406000.0,6013134000.0,2010335000.0,8023469000.0,8023469000.0,713805000.0,713805000.0,3275000.0,,710530000.0,,390406000.0,390406000.0,-3275000.0,307227000.0,,53354000.0,,,-193931000.0,,,,77806000.0,,22609000.0,2484891000.0,2484891000.0,,,,5841000.0,,,,,,,,,,,,,
PLD,2022-12-31,51679085.912307,0.036689,4386917000.0,3364856000.0,1812777000.0,1509094000.0,5795490000.0,3982713000.0,-309037000.0,291903000.0,,2007962085.912307,3364856000.0,3693290000.0,3467538000.0,811608000.0,785675000.0,4.25,4.28,3451032000.0,3358796000.0,3364856000.0,3555398000.0,3555398000.0,135412000.0,3690810000.0,1719445000.0,,-309037000.0,291903000.0,,2280402000.0,2184196000.0,,331083000.0,4464598000.0,1509094000.0,5973692000.0,5973692000.0,1408573000.0,1408573000.0,-20184000.0,,1428757000.0,,331083000.0,331083000.0,20184000.0,310872000.0,,40336000.0,,,-190542000.0,,,,92236000.0,0.0,17134000.0,1812777000.0,1812777000.0,,,,6060000.0,,,,,,,,,,,,,
PLD,2021-12-31,82198788.598215,0.052442,3583472000.0,2939723000.0,1577942000.0,1248487000.0,5150884000.0,3572942000.0,-266228000.0,250094000.0,871000.0,1454509788.598215,2939723000.0,3142031000.0,3206996000.0,764762000.0,739363000.0,3.94,3.97,3015663000.0,2933571000.0,2939723000.0,3148590000.0,3148590000.0,174258000.0,3322848000.0,1971667000.0,,-266228000.0,250094000.0,871000.0,1617409000.0,1893544000.0,,293167000.0,3510953000.0,1248487000.0,4759440000.0,4759440000.0,1567412000.0,1567412000.0,-187453000.0,,1754865000.0,,293167000.0,293167000.0,187453000.0,404255000.0,,22435000.0,,,-208867000.0,,,,82092000.0,0.0,16134000.0,1577942000.0,1577942000.0,,,,6152000.0,,,,,,,,,,,,,
PLD,2020-12-31,26984404.501662,0.074672,3247590000.0,1481814000.0,1561969000.0,1170104000.0,3608964000.0,2046995000.0,-313463000.0,299907000.0,1044000.0,1147424404.501662,1481814000.0,3036928000.0,2118944000.0,754413996.0,728322997.0,2.01,2.02,1515060000.0,1473122000.0,1481814000.0,1616630000.0,1616630000.0,130458000.0,1747088000.0,658744000.0,,-313463000.0,299907000.0,1044000.0,1401807000.0,1866824000.0,,274845000.0,3268631000.0,1170104000.0,4438735000.0,4438735000.0,361374000.0,361374000.0,-188290000.0,,549664000.0,,274845000.0,274845000.0,188290000.0,297370000.0,,30010000.0,,,-134816000.0,,,,41938000.0,2347000.0,14600000.0,1561969000.0,1561969000.0,,,,6345000.0,,,,,,,,,,,,,
PLD,2019-12-31,,,,,,,,,,,24213000.0,,,,,,,,,,,,,,,,,,,,24213000.0,,,,,,,,,,,,,,,,,,,,,,,,,,,,0.0,,,,,,,,,,,,,,,,,,,,
AXP,2023-12-31,-36337000.0,0.203,,8374000000.0,1651000000.0,,,,13134000000.0,6849000000.0,19983000000.0,8516663000.0,8374000000.0,,,736000000.0,735000000.0,11.21,11.23,8252000000.0,8252000000.0,8374000000.0,8374000000.0,8374000000.0,2139000000.0,10513000000.0,,,,,,,,,13280000000.0,,,60363000000.0,60363000000.0,-179000000.0,-179000000.0,-179000000.0,,-152000000.0,5213000000.0,8067000000.0,,,,,,179000000.0,,,,,,,64000000.0,,,,,8067000000.0,,58000000.0,,,,,,,,2029000000.0,29439000000.0,,,,
AXP,2022-12-31,-30672000.0,0.216,,7514000000.0,1626000000.0,,,,9895000000.0,2763000000.0,12658000000.0,7625328000.0,7514000000.0,,,752000000.0,751000000.0,9.85,9.86,7400000000.0,7400000000.0,7514000000.0,7514000000.0,7514000000.0,2071000000.0,9585000000.0,,,,,,,,,12710000000.0,,,52560000000.0,52560000000.0,-142000000.0,-142000000.0,-142000000.0,,-302000000.0,5458000000.0,7252000000.0,,,,,,142000000.0,,,,,,,57000000.0,,,,,7252000000.0,,57000000.0,,,,,,,,2074000000.0,25867000000.0,,,,
AXP,2021-12-31,2460000.0,0.246,,8060000000.0,1695000000.0,,,,7750000000.0,1283000000.0,9033000000.0,8052460000.0,8060000000.0,,,790000000.0,789000000.0,10.02,10.04,7917000000.0,7917000000.0,8060000000.0,8060000000.0,8060000000.0,2629000000.0,10689000000.0,,,,,,,,,11531000000.0,,,43147000000.0,43147000000.0,10000000.0,10000000.0,10000000.0,,767000000.0,5291000000.0,6240000000.0,,,,,,-10000000.0,,,,,,,72000000.0,,,,,6240000000.0,,71000000.0,,,,,,,2431000000.0,1958000000.0,20398000000.0,,,,
AXP,2020-12-31,-33750000.0,0.27,,3135000000.0,1543000000.0,,,,7985000000.0,2098000000.0,10083000000.0,3226250000.0,3135000000.0,,,806000000.0,805000000.0,3.77,3.77,3036000000.0,3036000000.0,3135000000.0,3135000000.0,3135000000.0,1161000000.0,4296000000.0,,,,,,,,,9414000000.0,,,36239000000.0,36239000000.0,-125000000.0,-125000000.0,-125000000.0,,152000000.0,3696000000.0,5718000000.0,,,,,,125000000.0,,,,,,,20000000.0,,,,,5718000000.0,,79000000.0,,,,,,,2334000000.0,1789000000.0,15885000000.0,,,,
AXP,2019-12-31,,,,,,,,,,,,,,,,,,,,,,,,,,,,,,,,,,,,,,,,,,,,,,,,,,,,,,,,,,,,,,,,,,,,,,,,,2168000000.0,,,,,,
MO,2023-12-31,0.0,0.256,12349000000.0,8130000000.0,272000000.0,6218000000.0,12349000000.0,12077000000.0,-989000000.0,1149000000.0,160000000.0,8130000000.0,8130000000.0,8955000000.0,11547000000.0,1777000000.0,1763461775.0,4.57,4.61025,8113000000.0,8113000000.0,8130000000.0,8130000000.0,8130000000.0,2798000000.0,10928000000.0,370000000.0,127000000.0,-989000000.0,1149000000.0,160000000.0,11547000000.0,2737000000.0,,2737000000.0,14284000000.0,6218000000.0,20502000000.0,24483000000.0,0.0,0.0,0.0,,,,,,,243000000.0,,,,,,,,,,17000000.0,,,,,,,,,,,,,3981000000.0,,,,,,,
MO,2022-12-31,-3300000.0,0.22,8758000000.0,5764000000.0,226000000.0,6442000000.0,8743000000.0,8517000000.0,-1058000000.0,1128000000.0,70000000.0,5775700000.0,5764000000.0,8769000000.0,11919000000.0,1804000000.0,1785534122.0,3.19,3.228166,5751000000.0,5751000000.0,5764000000.0,5764000000.0,5764000000.0,1625000000.0,7389000000.0,-3472000000.0,184000000.0,-1058000000.0,1128000000.0,70000000.0,11919000000.0,2327000000.0,,2327000000.0,14246000000.0,6442000000.0,20688000000.0,25096000000.0,-15000000.0,-15000000.0,0.0,0.0,-15000000.0,,,,,-3641000000.0,,,,,0.0,,,,,13000000.0,,,,,,,,,,,,,4408000000.0,,,,,,,
MO,2021-12-31,-281341000.0,0.353,6053000000.0,2475000000.0,244000000.0,7119000000.0,5256000000.0,5012000000.0,-1162000000.0,1188000000.0,26000000.0,2990659000.0,2475000000.0,9551000000.0,11560000000.0,1845000000.0,1823175618.0,1.34,1.357521,2464000000.0,2464000000.0,2475000000.0,2475000000.0,2475000000.0,1349000000.0,3824000000.0,-6574000000.0,202000000.0,-1162000000.0,1188000000.0,26000000.0,11560000000.0,2432000000.0,,2432000000.0,13992000000.0,7119000000.0,21111000000.0,26013000000.0,-797000000.0,-797000000.0,-649000000.0,0.0,-148000000.0,,,,649000000.0,-5979000000.0,,,,,0.0,,,,,11000000.0,,,,,,,,,,,,,4902000000.0,,,,,,,
MO,2020-12-31,-968743105.950653,0.353556,11110000000.0,4467000000.0,257000000.0,7818000000.0,8370000000.0,8113000000.0,-1209000000.0,1223000000.0,14000000.0,6238256894.049347,4467000000.0,9968000000.0,10873000000.0,1858419165.0,1858419165.0,2.4,2.4,4459000000.0,4459000000.0,4467000000.0,4454000000.0,4454000000.0,2436000000.0,6890000000.0,-2774000000.0,77000000.0,-1209000000.0,1223000000.0,14000000.0,10873000000.0,2150000000.0,,2150000000.0,13023000000.0,7818000000.0,20841000000.0,26153000000.0,-2740000000.0,-2740000000.0,-2600000000.0,2600000000.0,-140000000.0,,,,,-111000000.0,,,0.0,,13000000.0,,,,,8000000.0,,,,,,,,,,,,,5312000000.0,,,,,,,
MO,2019-12-31,,,,,,,,,,,,,,,,,,,,,,,,,,,,,,,,,,,,,,,,,,,8759000000.0,-1442000000.0,,,,,,,,0.0,,5000000.0,159000000.0,,,-7000000.0,,,,,,,,,,,,,,,,,,,,,
BKNG,2023-12-31,-104422000.0,0.218,7522000000.0,4289000000.0,665000000.0,,7043000000.0,6378000000.0,123000000.0,897000000.0,1020000000.0,4663578000.0,4289000000.0,15530000000.0,5835000000.0,36530000.0,36140000.0,117.4,118.67,4289000000.0,4289000000.0,4289000000.0,4289000000.0,4289000000.0,1192000000.0,5481000000.0,-477000000.0,2000000.0,123000000.0,897000000.0,1020000000.0,5835000000.0,15530000000.0,,14366000000.0,,,21365000000.0,21365000000.0,-479000000.0,-479000000.0,0.0,,-479000000.0,9517000000.0,4849000000.0,1555000000.0,,,,660000000.0,,,,,,,,,,504000000.0,504000000.0,,3294000000.0,,,,,,,,,,,,,,,
BKNG,2022-12-31,-222326000.0,0.221,5927000000.0,3058000000.0,607000000.0,,4921000000.0,4314000000.0,-172000000.0,391000000.0,219000000.0,3841674000.0,3058000000.0,11988000000.0,5102000000.0,40052000.0,39872000.0,76.35,76.7,3058000000.0,3058000000.0,3058000000.0,3058000000.0,3058000000.0,865000000.0,3923000000.0,-1007000000.0,-1000000.0,-172000000.0,391000000.0,219000000.0,5102000000.0,11988000000.0,,11210000000.0,,,17090000000.0,17090000000.0,-1006000000.0,-1006000000.0,0.0,,-1006000000.0,7979000000.0,3231000000.0,766000000.0,,,,327000000.0,-199000000.0,,,0.0,,,,,,451000000.0,451000000.0,,2465000000.0,,,,,,,,,,,,,,,
BKNG,2021-12-31,-143500000.0,0.205,3098000000.0,1165000000.0,599000000.0,,2398000000.0,1799000000.0,-318000000.0,334000000.0,16000000.0,1721500000.0,1165000000.0,8462000000.0,2496000000.0,41362000.0,41042000.0,28.17,28.39,1165000000.0,1165000000.0,1165000000.0,1165000000.0,1165000000.0,300000000.0,1465000000.0,-713000000.0,-13000000.0,-318000000.0,334000000.0,16000000.0,2496000000.0,8462000000.0,,7616000000.0,,,10958000000.0,10958000000.0,-700000000.0,-700000000.0,-242000000.0,0.0,-458000000.0,4780000000.0,2836000000.0,522000000.0,242000000.0,,,425000000.0,13000000.0,,,0.0,,,,,,421000000.0,421000000.0,,2314000000.0,,,,,,,,,,,,,,,
BKNG,2020-12-31,79650000.0,0.27,1270000000.0,59000000.0,642000000.0,,1565000000.0,923000000.0,-302000000.0,356000000.0,54000000.0,-156350000.0,59000000.0,6216000000.0,-631000000.0,41160000.0,40974000.0,1.44,1.45,59000000.0,59000000.0,59000000.0,59000000.0,59000000.0,508000000.0,567000000.0,289000000.0,-6000000.0,-302000000.0,356000000.0,54000000.0,580000000.0,6216000000.0,,5459000000.0,,,6796000000.0,6796000000.0,295000000.0,295000000.0,-1311000000.0,100000000.0,1606000000.0,2934000000.0,2525000000.0,581000000.0,,,,299000000.0,149000000.0,,,1062000000.0,,,,,,458000000.0,458000000.0,,1944000000.0,,,,,,,,,,,,,,,
BKNG,2019-12-31,,,,,,,,,,,,,,,,,,,,,,,,,,,,,,,,,,285000000.0,,,,,,,,,0.0,,,,,,,,,0.0,,,0.0,,,,,,,,,,,,,,,,,,,,,,,,
T,2023-12-31,-254109000.0,0.213,46522000000.0,14400000000.0,18777000000.0,50123000000.0,45329000000.0,26552000000.0,-6704000000.0,6704000000.0,,15338891000.0,14400000000.0,97774000000.0,23461000000.0,7258000000.0,7181000000.0,1.97,1.97,14277000000.0,14192000000.0,14400000000.0,15623000000.0,15623000000.0,4225000000.0,19848000000.0,1898000000.0,1416000000.0,-6704000000.0,6704000000.0,,24654000000.0,47651000000.0,,28874000000.0,72305000000.0,50123000000.0,122428000000.0,122428000000.0,-1193000000.0,-1193000000.0,-1193000000.0,1193000000.0,,,,,,1675000000.0,,,,,-1223000000.0,,,,85000000.0,0.0,,18777000000.0,18777000000.0,0.0,,,208000000.0,,,,,,,,,,,,,
T,2022-12-31,-5774580000.0,0.21,48533000000.0,-8343000000.0,18021000000.0,50848000000.0,21035000000.0,3014000000.0,-6108000000.0,6108000000.0,,13380420000.0,-8524000000.0,97830000000.0,-4587000000.0,7587000000.0,7166000000.0,-1.13,-1.13,-7521000000.0,-8064000000.0,-8524000000.0,-7055000000.0,-6874000000.0,3780000000.0,-3094000000.0,-19897000000.0,5810000000.0,-6108000000.0,6108000000.0,,22911000000.0,46982000000.0,,28961000000.0,69893000000.0,50848000000.0,120741000000.0,120741000000.0,-27498000000.0,-27498000000.0,-27498000000.0,2686000000.0,,,,,,1791000000.0,,,,,-1469000000.0,24812000000.0,,,543000000.0,-663000000.0,,18021000000.0,18021000000.0,-181000000.0,,,203000000.0,,,,,,,,,,,,,
T,2021-12-31,-39405000.0,0.185,53952000000.0,22378000000.0,17852000000.0,60407000000.0,53739000000.0,35887000000.0,-6716000000.0,6716000000.0,,22551595000.0,20081000000.0,107928000000.0,25897000000.0,7199000000.0,7168000000.0,2.76,2.77,20456000000.0,19874000000.0,20081000000.0,21479000000.0,23776000000.0,5395000000.0,29171000000.0,9777000000.0,9387000000.0,-6716000000.0,6716000000.0,,26110000000.0,47521000000.0,,29669000000.0,73631000000.0,60407000000.0,134038000000.0,134038000000.0,-213000000.0,-213000000.0,-213000000.0,213000000.0,,,,,,603000000.0,,,,,-1398000000.0,213000000.0,,,582000000.0,0.0,,17852000000.0,17852000000.0,-2297000000.0,,,207000000.0,,,,,,,,,,,,,
T,2020-12-31,-5097600000.0,0.27,52465000000.0,-5176000000.0,28516000000.0,79920000000.0,33585000000.0,5069000000.0,-7925000000.0,7925000000.0,,8606400000.0,-5176000000.0,146475000000.0,6405000000.0,7183000000.0,7157000000.0,-0.75,-0.75,-5346000000.0,-5369000000.0,-5176000000.0,-3821000000.0,-3821000000.0,965000000.0,-2856000000.0,-20216000000.0,-1431000000.0,-7925000000.0,7925000000.0,,25285000000.0,66555000000.0,,38039000000.0,91840000000.0,79920000000.0,171760000000.0,171760000000.0,-18880000000.0,-18880000000.0,-18880000000.0,18880000000.0,,,,,,95000000.0,,,,,-1355000000.0,18880000000.0,,,23000000.0,,,28516000000.0,28516000000.0,,,,193000000.0,,,,,,,,,,,,,
T,2019-12-31,,,,,,,,,,,,,,,,,,,,,,,,,,,,,,,,,,,,,,,,,,,,,,,,,,,,,,,1458000000.0,,,,,,,,,,,,,-1458000000.0,,,,,,,,,,,
ISRG,2023-12-31,0.0,0.072,2188600000.0,1798000000.0,421800000.0,2394600000.0,2188600000.0,1766800000.0,192100000.0,,192100000.0,1798000000.0,1798000000.0,5357300000.0,1766800000.0,357400000.0,351200000.0,5.03,5.12,1798000000.0,1798000000.0,1798000000.0,1817300000.0,1817300000.0,141600000.0,1958900000.0,,,192100000.0,,192100000.0,1766800000.0,2962700000.0,998800000.0,1963900000.0,4729500000.0,2394600000.0,7124100000.0,7124100000.0,,,,,,,,,,,,,,,-19300000.0,,,,,,,,,,,,,,,,,,,,,,,,,
ISRG,2022-12-31,0.0,0.163,1942900000.0,1322300000.0,365800000.0,2026200000.0,1942900000.0,1577100000.0,29700000.0,,29700000.0,1322300000.0,1322300000.0,4645100000.0,1577100000.0,362000000.0,355700000.0,3.65,3.72,1322300000.0,1322300000.0,1322300000.0,1344400000.0,1344400000.0,262400000.0,1606800000.0,,,29700000.0,,29700000.0,1577100000.0,2618900000.0,879000000.0,1739900000.0,4196000000.0,2026200000.0,6222200000.0,6222200000.0,,,,,,,,,,,,,,,-22100000.0,,,,,,,,,,,,,,,,,,,,,,,,,
ISRG,2021-12-31,0.0,0.085806,2131200000.0,1704600000.0,310200000.0,1751600000.0,2131200000.0,1821000000.0,69300000.0,,69300000.0,1704600000.0,1704600000.0,3889100000.0,1821000000.0,365800000.0,356100000.0,4.66,4.79,1704600000.0,1704600000.0,1704600000.0,1728100000.0,1728100000.0,162200000.0,1890300000.0,,,69300000.0,,69300000.0,1821000000.0,2137500000.0,671000000.0,1466500000.0,3958500000.0,1751600000.0,5710100000.0,5710100000.0,,,,,,,,,,,,,,,-23500000.0,,,,,,,,,,,,,,,,,,,,,,,,,
ISRG,2020-12-31,0.0,0.116156,1326000000.0,1060600000.0,276200000.0,1497200000.0,1326000000.0,1049800000.0,157200000.0,,157200000.0,1060600000.0,1060600000.0,3308600000.0,1049800000.0,360900000.0,351000000.0,2.94,3.02,1060600000.0,1060600000.0,1060600000.0,1066800000.0,1066800000.0,140200000.0,1207000000.0,,,157200000.0,,157200000.0,1049800000.0,1811400000.0,595100000.0,1216300000.0,2861200000.0,1497200000.0,4358400000.0,4358400000.0,,,,,,,,,,,,,,,-6200000.0,,,,,,,,,,,,,,,,,,,,,,,,,
ISRG,2019-12-31,,,,,,,,,,,,,,,,,,,,,,,,,,,,,,,,,,,,,,,,,,,,,,,,,,,,,,,,,,,,-127700000.0,,,,,,,,,,,,,,,,,,,
MMC,2023-12-31,1215000.0,0.243,6312000000.0,3756000000.0,713000000.0,13099000000.0,6317000000.0,5604000000.0,-500000000.0,578000000.0,78000000.0,3752215000.0,3756000000.0,17454000000.0,5282000000.0,499000000.0,494000000.0,7.53,7.6,3756000000.0,3756000000.0,3756000000.0,3802000000.0,3802000000.0,1224000000.0,5026000000.0,244000000.0,239000000.0,-500000000.0,578000000.0,78000000.0,5282000000.0,4355000000.0,,,9637000000.0,13099000000.0,22736000000.0,22736000000.0,5000000.0,5000000.0,,,5000000.0,,,,,,,4355000000.0,,,-46000000.0,,,,,,,,,,,,,,,,,,,,,,,,,
MMC,2022-12-31,5124000.0,0.244,5249000000.0,3050000000.0,719000000.0,12071000000.0,5270000000.0,4551000000.0,-454000000.0,469000000.0,15000000.0,3034124000.0,3050000000.0,16440000000.0,4280000000.0,505000000.0,499000000.0,6.04,6.11,3050000000.0,3050000000.0,3050000000.0,3087000000.0,3087000000.0,995000000.0,4082000000.0,256000000.0,235000000.0,-454000000.0,469000000.0,15000000.0,4280000000.0,4369000000.0,,,8649000000.0,12071000000.0,20720000000.0,20720000000.0,21000000.0,21000000.0,,,21000000.0,,,,,,,4369000000.0,,,-37000000.0,,,,,,,,,,,,,,,,,,,,,,,,,
MMC,2021-12-31,15006000.0,0.246,5338000000.0,3143000000.0,747000000.0,11425000000.0,5399000000.0,4652000000.0,-442000000.0,444000000.0,2000000.0,3097006000.0,3143000000.0,15508000000.0,4312000000.0,513000000.0,507000000.0,6.13,6.2,3143000000.0,3143000000.0,3143000000.0,3174000000.0,3174000000.0,1034000000.0,4208000000.0,338000000.0,277000000.0,-442000000.0,444000000.0,2000000.0,4312000000.0,4083000000.0,,,8395000000.0,11425000000.0,19820000000.0,19820000000.0,61000000.0,61000000.0,0.0,,61000000.0,,,,,,,4083000000.0,0.0,,-31000000.0,,,,,,,,,,,,,,,,,,,,,,,,,
MMC,2020-12-31,-5874000.0,0.267,4071000000.0,2016000000.0,741000000.0,10129000000.0,4049000000.0,3308000000.0,-508000000.0,515000000.0,7000000.0,2032126000.0,2016000000.0,14158000000.0,3066000000.0,512000000.0,506000000.0,3.94,3.98,2016000000.0,2016000000.0,2016000000.0,2046000000.0,2046000000.0,747000000.0,2793000000.0,235000000.0,257000000.0,-508000000.0,515000000.0,7000000.0,3066000000.0,4029000000.0,,,7095000000.0,10129000000.0,17224000000.0,17224000000.0,-22000000.0,-22000000.0,0.0,,-22000000.0,,,,,,,4029000000.0,0.0,,-30000000.0,,,,,,,,,,,,,,,,,,,,,,,,,
MMC,2019-12-31,,,,,,,,,,,,,,,,,,,,,,,,,,,,,,,,,,,9734000000.0,,,,,,,-40000000.0,,,,9734000000.0,,32000000.0,,,,8000000.0,,,,,,,,,,,0.0,9734000000.0,,,,,,,,,,,,,,,
EL,2024-06-30,-124530000.0,0.21,2568000000.0,390000000.0,825000000.0,4424000000.0,1975000000.0,1150000000.0,-211000000.0,378000000.0,167000000.0,858470000.0,390000000.0,14045000000.0,970000000.0,360800000.0,359000000.0,1.08,1.09,390000000.0,390000000.0,390000000.0,409000000.0,409000000.0,363000000.0,772000000.0,-580000000.0,13000000.0,-211000000.0,378000000.0,167000000.0,1563000000.0,9621000000.0,,9621000000.0,11184000000.0,4424000000.0,15608000000.0,15608000000.0,-593000000.0,-593000000.0,-593000000.0,,,,,,,,,,122000000.0,,-19000000.0,471000000.0,,,,,,,,,,,,,,,,,,,,,,,,
EL,2023-06-30,-72574000.0,0.277,2658000000.0,1006000000.0,744000000.0,4564000000.0,2396000000.0,1652000000.0,-124000000.0,255000000.0,131000000.0,1195426000.0,1006000000.0,14139000000.0,1509000000.0,360900000.0,357900000.0,2.79,2.81,1006000000.0,1006000000.0,1006000000.0,1010000000.0,1010000000.0,387000000.0,1397000000.0,-250000000.0,12000000.0,-124000000.0,255000000.0,131000000.0,1771000000.0,9575000000.0,,9575000000.0,11346000000.0,4564000000.0,15910000000.0,15910000000.0,-262000000.0,-262000000.0,-262000000.0,,,,,,,,,,55000000.0,,-4000000.0,207000000.0,,,,,,,,,,,,,,,,,,,,,,,,
EL,2022-06-30,-77362318.84058,0.206851,4304000000.0,2390000000.0,727000000.0,4305000000.0,3930000000.0,3203000000.0,-137000000.0,167000000.0,30000000.0,2686637681.15942,2390000000.0,14193000000.0,3170000000.0,364900000.0,360000000.0,6.55,6.64,2390000000.0,2390000000.0,2390000000.0,2408000000.0,2408000000.0,628000000.0,3036000000.0,-371000000.0,3000000.0,-137000000.0,167000000.0,30000000.0,3544000000.0,9888000000.0,,9888000000.0,13432000000.0,4305000000.0,17737000000.0,17737000000.0,-374000000.0,-374000000.0,-374000000.0,,,,,,,,,,133000000.0,,-18000000.0,241000000.0,,,,,,,,,,,,,,,,,,,,,,,,
EL,2021-06-30,-53663164.21495,0.136896,4547000000.0,2870000000.0,651000000.0,3834000000.0,4155000000.0,3504000000.0,-122000000.0,173000000.0,51000000.0,3208336835.78505,2870000000.0,13205000000.0,2618000000.0,368200000.0,362900000.0,7.79,7.91,2870000000.0,2870000000.0,2870000000.0,2875000000.0,2875000000.0,456000000.0,3331000000.0,443000000.0,835000000.0,-122000000.0,173000000.0,51000000.0,3010000000.0,9371000000.0,,9371000000.0,12381000000.0,3834000000.0,16215000000.0,16215000000.0,-392000000.0,-392000000.0,-392000000.0,,,,,,,,,,204000000.0,,-5000000.0,188000000.0,,,,,,,,,,,,,,,,,,,,,,,,
LMT,2023-12-31,0.0,0.145,10444000000.0,6920000000.0,1430000000.0,59092000000.0,10444000000.0,9014000000.0,-916000000.0,916000000.0,,6920000000.0,6920000000.0,59064000000.0,8507000000.0,251200000.0,250300000.0,27.55,27.65,6920000000.0,6920000000.0,6920000000.0,6920000000.0,6920000000.0,1178000000.0,8098000000.0,507000000.0,507000000.0,-916000000.0,916000000.0,,8507000000.0,-28000000.0,,,8479000000.0,59092000000.0,67571000000.0,67571000000.0,,,,,,,,,,,,-28000000.0,,,,,,,,,,,,,,,,,,,,,,,,,,,,
LMT,2022-12-31,0.0,0.142,8707000000.0,5732000000.0,1404000000.0,57697000000.0,8707000000.0,7303000000.0,-623000000.0,623000000.0,,5732000000.0,5732000000.0,57636000000.0,8348000000.0,264600000.0,263700000.0,21.66,21.74,5732000000.0,5732000000.0,5732000000.0,5732000000.0,5732000000.0,948000000.0,6680000000.0,-1045000000.0,-1045000000.0,-623000000.0,623000000.0,,8348000000.0,-61000000.0,,,8287000000.0,57697000000.0,65984000000.0,65984000000.0,,,,,,,,,,,,-61000000.0,,,,,,,,,,,,0.0,,,,,,,,,,,,,,,,
LMT,2021-12-31,0.0,0.164,9483000000.0,6315000000.0,1364000000.0,57983000000.0,9483000000.0,8119000000.0,-569000000.0,569000000.0,,6315000000.0,6315000000.0,57921000000.0,9123000000.0,277400000.0,276400000.0,22.76,22.85,6315000000.0,6315000000.0,6315000000.0,6315000000.0,6315000000.0,1235000000.0,7550000000.0,-1004000000.0,-1004000000.0,-569000000.0,569000000.0,,9123000000.0,-62000000.0,,,9061000000.0,57983000000.0,67044000000.0,67044000000.0,,,,,,,,,,,,-62000000.0,,,,,,,,,,,,0.0,,,,,,,,,,,,,,,,
LMT,2020-12-31,0.0,0.164,10116000000.0,6888000000.0,1290000000.0,56744000000.0,10116000000.0,8826000000.0,-591000000.0,591000000.0,,6888000000.0,6833000000.0,56754000000.0,8644000000.0,281200000.0,280000000.0,24.3,24.4,6833000000.0,6833000000.0,6833000000.0,6833000000.0,6888000000.0,1347000000.0,8235000000.0,182000000.0,182000000.0,-591000000.0,591000000.0,,8644000000.0,10000000.0,,,8654000000.0,56744000000.0,65398000000.0,65398000000.0,,,,,,,,,,,,10000000.0,,,,,,,,,,,,-55000000.0,,,,,,,,,,,,,,,,
LMT,2019-12-31,,,,,,,,,,,,,,,,,,,,,,,,,,,,,,,,,,,,,,,,0.0,0.0,0.0,,,,,,,,,,0.0,,,,,,,,,,,0.0,,,,,,,,,,,,,,,,
SYK,2023-12-31,-2484000.0,0.138,4952000000.0,3165000000.0,1028000000.0,7047000000.0,4934000000.0,3906000000.0,,,,3180516000.0,3165000000.0,16592000000.0,3888000000.0,383700000.0,379600000.0,8.25,8.34,3165000000.0,3165000000.0,3165000000.0,3165000000.0,3165000000.0,508000000.0,3673000000.0,-233000000.0,-215000000.0,,,,3906000000.0,9152000000.0,1388000000.0,7129000000.0,13058000000.0,7440000000.0,20498000000.0,20498000000.0,-18000000.0,-18000000.0,-18000000.0,,,,,,18000000.0,,,,,,,0.0,,,,,,635000000.0,635000000.0,,,,,,,635000000.0,635000000.0,,,,,,,,,
SYK,2022-12-31,-24321000.0,0.121,4241000000.0,2358000000.0,998000000.0,6500000000.0,4040000000.0,3042000000.0,,,,2534679000.0,2358000000.0,15407000000.0,2841000000.0,382200000.0,378200000.0,6.17,6.23,2358000000.0,2358000000.0,2358000000.0,2358000000.0,2358000000.0,325000000.0,2683000000.0,-359000000.0,-158000000.0,,,,3042000000.0,8536000000.0,1454000000.0,6455000000.0,11578000000.0,6871000000.0,18449000000.0,18449000000.0,-201000000.0,-201000000.0,-201000000.0,,,,,,-15000000.0,,,,,,,216000000.0,,,,,,627000000.0,627000000.0,,,,,,,627000000.0,627000000.0,,,,,,,,,
SYK,2021-12-31,-12978000.0,0.126,3780000000.0,1994000000.0,990000000.0,5769000000.0,3677000000.0,2687000000.0,,,,2084022000.0,1994000000.0,14421000000.0,2584000000.0,382300000.0,377000000.0,5.21,5.29,1994000000.0,1994000000.0,1994000000.0,1994000000.0,1994000000.0,287000000.0,2281000000.0,-406000000.0,-303000000.0,,,,2687000000.0,8281000000.0,1235000000.0,6427000000.0,10968000000.0,6140000000.0,17108000000.0,17108000000.0,-103000000.0,-103000000.0,-103000000.0,,,,,,103000000.0,,,,,,,0.0,,,,,,619000000.0,619000000.0,,,,,,,619000000.0,619000000.0,,,,,,,,,
SYK,2020-12-31,-3094000.0,0.182,3069000000.0,1599000000.0,812000000.0,4954000000.0,3052000000.0,2240000000.0,,,,1612906000.0,1599000000.0,12111000000.0,2223000000.0,380300000.0,375500000.0,4.2,4.26,1599000000.0,1599000000.0,1599000000.0,1599000000.0,1599000000.0,355000000.0,1954000000.0,-286000000.0,-269000000.0,,,,2240000000.0,6817000000.0,984000000.0,5361000000.0,9057000000.0,5294000000.0,14351000000.0,14351000000.0,-17000000.0,-17000000.0,-17000000.0,,,,,,17000000.0,,,,,,,0.0,,,,,,472000000.0,472000000.0,,,,,,,472000000.0,472000000.0,,,,,,,,,
BA,2023-12-31,10080000.0,0.21,2267000000.0,-2222000000.0,1861000000.0,70070000000.0,2315000000.0,454000000.0,-2459000000.0,2459000000.0,,-2259920000.0,-2222000000.0,78615000000.0,-773000000.0,606100000.0,605449591.0,-3.67,-3.67,-2222000000.0,-2222000000.0,-2222000000.0,-2242000000.0,-2242000000.0,237000000.0,-2005000000.0,1275000000.0,1227000000.0,-2459000000.0,2459000000.0,,-821000000.0,8545000000.0,3377000000.0,5168000000.0,7724000000.0,70070000000.0,77794000000.0,77794000000.0,48000000.0,48000000.0,2000000.0,,46000000.0,,5168000000.0,5168000000.0,,,,,,,20000000.0,,,,,,,,,,,,,,2000000.0,,,,,,,,,,,
BA,2022-12-31,-2100000.0,0.21,-472000000.0,-4935000000.0,1979000000.0,63078000000.0,-482000000.0,-2461000000.0,-2561000000.0,2561000000.0,,-4927100000.0,-4935000000.0,70117000000.0,-3519000000.0,595200000.0,594578313.0,-8.3,-8.3,-4935000000.0,-4935000000.0,-4935000000.0,-5053000000.0,-5053000000.0,31000000.0,-5022000000.0,1048000000.0,1058000000.0,-2561000000.0,2561000000.0,,-3509000000.0,7039000000.0,2852000000.0,4187000000.0,3530000000.0,63078000000.0,66608000000.0,66608000000.0,-10000000.0,-10000000.0,6000000.0,,-16000000.0,,4187000000.0,4187000000.0,,,,,,,118000000.0,,,,,,,,,,,,,,6000000.0,,,,,,,,,,,
BA,2021-12-31,72076000.0,0.148,-662000000.0,-4202000000.0,2144000000.0,59237000000.0,-175000000.0,-2319000000.0,-2714000000.0,2714000000.0,,-4616924000.0,-4202000000.0,65643000000.0,-2870000000.0,588000000.0,587692308.0,-7.15,-7.15,-4202000000.0,-4202000000.0,-4202000000.0,-4290000000.0,-4290000000.0,-743000000.0,-5033000000.0,1038000000.0,551000000.0,-2714000000.0,2714000000.0,,-3357000000.0,6406000000.0,2249000000.0,4157000000.0,3049000000.0,59237000000.0,62286000000.0,62286000000.0,487000000.0,487000000.0,277000000.0,,210000000.0,,4157000000.0,4157000000.0,,,,,,,88000000.0,,,,,,,,,,,,,,277000000.0,,,,,,,,,,,
BA,2020-12-31,36925000.0,0.175,-10285000000.0,-11941000000.0,2246000000.0,63843000000.0,-10074000000.0,-12320000000.0,-2156000000.0,2156000000.0,,-12115075000.0,-11941000000.0,71136000000.0,-12767000000.0,569000000.0,568630268.0,-20.88,-20.88,-11873000000.0,-11873000000.0,-11941000000.0,-11941000000.0,-11941000000.0,-2535000000.0,-14476000000.0,658000000.0,447000000.0,-2156000000.0,2156000000.0,,-12978000000.0,7293000000.0,2476000000.0,4817000000.0,-5685000000.0,63843000000.0,58158000000.0,58158000000.0,211000000.0,211000000.0,202000000.0,,9000000.0,,4817000000.0,4817000000.0,,,,,,,68000000.0,,,,,,,,,,,,,,202000000.0,,,,,,,,,,,
ADP,2024-06-30,2576000.0,0.23,5784400000.0,3752000000.0,561900000.0,10476700000.0,5795600000.0,5233700000.0,-120100000.0,361400000.0,241300000.0,3743376000.0,3752000000.0,14221400000.0,,,,,,3752000000.0,3752000000.0,3752000000.0,3752000000.0,3752000000.0,1120300000.0,4872300000.0,11200000.0,,-120100000.0,361400000.0,241300000.0,4981200000.0,3744700000.0,,3744700000.0,8725900000.0,10476700000.0,19202600000.0,19202600000.0,11200000.0,11200000.0,17100000.0,0.0,-5900000.0,,3744700000.0,3778900000.0,,,,,,,,,,,,,,,,,-34200000.0,,,,17100000.0,,,,,,,,,,,
ADP,2023-06-30,-3880800.0,0.231,5257000000.0,3412000000.0,549300000.0,9953400000.0,5240200000.0,4690900000.0,-103800000.0,253300000.0,149500000.0,3424919200.0,3412000000.0,13454000000.0,,415700000.0,413700000.0,8.21,8.25,3412000000.0,3412000000.0,3412000000.0,3412000000.0,3412000000.0,1025600000.0,4437600000.0,-16800000.0,50800000.0,-103800000.0,253300000.0,149500000.0,4558200000.0,3500600000.0,,3500600000.0,8058800000.0,9953400000.0,18012200000.0,18012200000.0,-16800000.0,-16800000.0,-2100000.0,2100000.0,-14700000.0,,3500600000.0,3551400000.0,,,,,,,,,,,,,,,,,-50800000.0,,,,0.0,,,,,,,,,,,
ADP,2022-06-30,-4477500.0,0.225,4421000000.0,2948900000.0,515100000.0,9461900000.0,4401100000.0,3886000000.0,-40900000.0,81900000.0,41000000.0,2964322500.0,2948900000.0,12633400000.0,,421100000.0,418800000.0,7.0,7.04,2948900000.0,2948900000.0,2948900000.0,2948900000.0,2948900000.0,855200000.0,3804100000.0,-19900000.0,61700000.0,-40900000.0,81900000.0,41000000.0,3864900000.0,3171500000.0,,3171500000.0,7036400000.0,9461900000.0,16498300000.0,16498300000.0,-19900000.0,-19900000.0,-15500000.0,23000000.0,-4400000.0,,3171500000.0,3233200000.0,,,,,,,,,,,,,,,,,-61700000.0,,,,7500000.0,,,,,,,,,,,
ADP,2021-06-30,272295.608711,0.226913,3930400000.0,2598500000.0,510700000.0,8640300000.0,3931600000.0,3420900000.0,-23200000.0,59700000.0,36500000.0,2597572295.608711,2598500000.0,11680800000.0,,428100000.0,426300000.0,6.07,6.1,2598500000.0,2598500000.0,2598500000.0,2598500000.0,2598500000.0,762700000.0,3361200000.0,59800000.0,58600000.0,-23200000.0,59700000.0,36500000.0,3324600000.0,3040500000.0,,3040500000.0,6365100000.0,8640300000.0,15005400000.0,15005400000.0,1200000.0,1200000.0,-10100000.0,19900000.0,11300000.0,,,,,,,,,,,,,,,,,,,,,,,,9800000.0,,,,,,,,,,,
ADP,2020-06-30,,,,,,,,,,,,,,,,432700000.0,430800000.0,5.7,5.73,,,,,,,,,74500000.0,,,,,,,,,,,,,,,,,,,,,,,,,,,,,,,,,,,,,,,,,,,,,,,,,,,
MDLZ,2023-12-31,129456000.0,0.261,7149000000.0,4959000000.0,1215000000.0,21188000000.0,7645000000.0,6430000000.0,-309000000.0,550000000.0,241000000.0,4592456000.0,4959000000.0,30405000000.0,5502000000.0,1370000000.0,1363000000.0,3.62,3.64,4959000000.0,4959000000.0,4959000000.0,4968000000.0,4968000000.0,1537000000.0,5880000000.0,578000000.0,82000000.0,-309000000.0,550000000.0,241000000.0,5611000000.0,8153000000.0,,8002000000.0,13764000000.0,22252000000.0,36016000000.0,36016000000.0,496000000.0,496000000.0,-110000000.0,,606000000.0,,,,1000000.0,,625000000.0,,-108000000.0,,-9000000.0,217000000.0,,,,,,151000000.0,151000000.0,,,,,,,151000000.0,151000000.0,,,,,,,,,
MDLZ,2022-12-31,-104788000.0,0.268,5154000000.0,2717000000.0,1107000000.0,19209000000.0,4763000000.0,3656000000.0,-294000000.0,428000000.0,134000000.0,3003212000.0,2717000000.0,27700000000.0,3534000000.0,1385000000.0,1378000000.0,1.96,1.97,2717000000.0,2717000000.0,2717000000.0,2726000000.0,2726000000.0,865000000.0,3228000000.0,-274000000.0,117000000.0,-294000000.0,428000000.0,134000000.0,3796000000.0,7516000000.0,,7384000000.0,11312000000.0,20184000000.0,31496000000.0,31496000000.0,-391000000.0,-391000000.0,-391000000.0,,,,,,129000000.0,,363000000.0,,0.0,,-9000000.0,262000000.0,,,,,,132000000.0,132000000.0,,,,,,,132000000.0,132000000.0,,,,,,,,,
MDLZ,2021-12-31,-92752000.0,0.272,6188000000.0,4300000000.0,1113000000.0,16487000000.0,5847000000.0,4734000000.0,-310000000.0,365000000.0,55000000.0,4548248000.0,4300000000.0,23863000000.0,4653000000.0,1413000000.0,1403000000.0,3.04,3.06,4300000000.0,4300000000.0,4300000000.0,4314000000.0,4314000000.0,1190000000.0,4369000000.0,-178000000.0,163000000.0,-310000000.0,365000000.0,55000000.0,4857000000.0,6397000000.0,,6263000000.0,11254000000.0,17466000000.0,28720000000.0,28720000000.0,-341000000.0,-341000000.0,-341000000.0,,,,,,137000000.0,,1135000000.0,,-8000000.0,,-14000000.0,212000000.0,,,,,,134000000.0,134000000.0,,,,,,,134000000.0,134000000.0,,,,,,,,,
MDLZ,2020-12-31,-213218000.0,0.362,5511000000.0,3555000000.0,1116000000.0,15213000000.0,4922000000.0,3806000000.0,-423000000.0,423000000.0,,3930782000.0,3555000000.0,22427000000.0,3853000000.0,1441000000.0,1431000000.0,2.47,2.48,3555000000.0,3555000000.0,3555000000.0,3569000000.0,3569000000.0,1224000000.0,3383000000.0,-348000000.0,241000000.0,-423000000.0,423000000.0,,4154000000.0,6292000000.0,,6098000000.0,10446000000.0,16135000000.0,26581000000.0,26581000000.0,-589000000.0,-589000000.0,-486000000.0,,-103000000.0,,,,185000000.0,,1410000000.0,,0.0,,-14000000.0,301000000.0,,,,,,194000000.0,194000000.0,,,,,0.0,,194000000.0,194000000.0,,,,,,,,,
MDLZ,2019-12-31,,,,,,,,,,,,,,,,,,,,,,,,,,,,,,,,,,,,,,,,,,,,-111000000.0,,,,,,,,,,,,,,,,,,,,,,,44000000.0,,,,,,,,,,,,
ZTS,2023-12-31,-7105000.0,0.203,3701000000.0,2344000000.0,491000000.0,2219000000.0,3666000000.0,3175000000.0,-134000000.0,239000000.0,105000000.0,2371895000.0,2344000000.0,5475000000.0,,462300000.0,461200000.0,5.07,5.08,2344000000.0,2344000000.0,2344000000.0,2340000000.0,2340000000.0,596000000.0,2936000000.0,1000000.0,36000000.0,-134000000.0,239000000.0,105000000.0,3069000000.0,2914000000.0,614000000.0,2151000000.0,5983000000.0,2561000000.0,8544000000.0,8544000000.0,-35000000.0,-35000000.0,12000000.0,2000000.0,-47000000.0,,,,,,,,52000000.0,,4000000.0,35000000.0,,,,,,149000000.0,149000000.0,,,,,101000000.0,0.0,149000000.0,149000000.0,,,,,,,,,
ZTS,2022-12-31,-24395000.0,0.205,3461000000.0,2114000000.0,465000000.0,2139000000.0,3342000000.0,2877000000.0,-171000000.0,221000000.0,50000000.0,2208605000.0,2114000000.0,5152000000.0,,470400000.0,468900000.0,4.49,4.51,2114000000.0,2114000000.0,2114000000.0,2111000000.0,2111000000.0,545000000.0,2656000000.0,-101000000.0,18000000.0,-171000000.0,221000000.0,50000000.0,2928000000.0,2698000000.0,539000000.0,2009000000.0,5626000000.0,2454000000.0,8080000000.0,8080000000.0,-119000000.0,-119000000.0,-57000000.0,9000000.0,-62000000.0,,,,,,,,9000000.0,,3000000.0,39000000.0,,,,,,150000000.0,150000000.0,,,,,0.0,0.0,150000000.0,150000000.0,,,,,,,,,
ZTS,2021-12-31,-18746000.0,0.182,3263000000.0,2037000000.0,448000000.0,2016000000.0,3160000000.0,2712000000.0,-218000000.0,224000000.0,6000000.0,2121254000.0,2037000000.0,4973000000.0,,476700000.0,474300000.0,4.27,4.29,2037000000.0,2037000000.0,2037000000.0,2034000000.0,2034000000.0,454000000.0,2488000000.0,-97000000.0,6000000.0,-218000000.0,224000000.0,6000000.0,2803000000.0,2670000000.0,508000000.0,2001000000.0,5473000000.0,2303000000.0,7776000000.0,7776000000.0,-103000000.0,-103000000.0,-76000000.0,16000000.0,-27000000.0,,,,,,,,30000000.0,,3000000.0,27000000.0,,,,,,161000000.0,161000000.0,,,,,0.0,-3000000.0,161000000.0,161000000.0,,,,,,,,,
ZTS,2020-12-31,-10980000.0,0.18,2729000000.0,1638000000.0,441000000.0,1776000000.0,2668000000.0,2227000000.0,-219000000.0,231000000.0,12000000.0,1688020000.0,1638000000.0,4406000000.0,,478569000.0,475502000.0,3.42,3.44,1638000000.0,1638000000.0,1638000000.0,1636000000.0,1636000000.0,360000000.0,1996000000.0,-54000000.0,7000000.0,-219000000.0,231000000.0,12000000.0,2269000000.0,2349000000.0,463000000.0,1726000000.0,4618000000.0,2057000000.0,6675000000.0,6675000000.0,-61000000.0,-61000000.0,-40000000.0,8000000.0,-21000000.0,,,,,,,,25000000.0,,2000000.0,26000000.0,,,,,,160000000.0,160000000.0,,,,,,19000000.0,160000000.0,160000000.0,,,,,,,,,
GE,2023-12-31,559056000.0,0.114,8484000000.0,9067000000.0,2079000000.0,50392000000.0,13388000000.0,11309000000.0,-379000000.0,1118000000.0,739000000.0,4722056000.0,9481000000.0,64380000000.0,,1099000000.0,1089000000.0,8.36,8.44,9186000000.0,9186000000.0,9481000000.0,9443000000.0,9029000000.0,1162000000.0,10191000000.0,6998000000.0,1857000000.0,-379000000.0,1118000000.0,739000000.0,3574000000.0,13988000000.0,1907000000.0,12081000000.0,17562000000.0,50392000000.0,67954000000.0,67954000000.0,4904000000.0,4904000000.0,4904000000.0,,5778000000.0,,12081000000.0,9195000000.0,,237000000.0,,,978000000.0,,37000000.0,,,,,,,,,414000000.0,,,295000000.0,5882000000.0,,,,,,,,,,,2886000000.0,
GE,2022-12-31,-4292000.0,0.004,4653000000.0,-863000000.0,2902000000.0,44272000000.0,3580000000.0,678000000.0,-1003000000.0,1477000000.0,474000000.0,205708000.0,339000000.0,57823000000.0,,1096000000.0,1096000000.0,0.05,0.05,51000000.0,51000000.0,339000000.0,407000000.0,-795000000.0,-3000000.0,-799000000.0,-74000000.0,779000000.0,-1003000000.0,1477000000.0,474000000.0,276000000.0,13551000000.0,1786000000.0,11765000000.0,13827000000.0,44272000000.0,58099000000.0,58099000000.0,-1073000000.0,-1073000000.0,-1073000000.0,,912000000.0,,11765000000.0,9173000000.0,465000000.0,220000000.0,,,715000000.0,,-67000000.0,0.0,,,,,,,,1202000000.0,,,289000000.0,107000000.0,,,,,,,,,,,2592000000.0,
GE,2021-12-31,-384306000.0,0.078,3382000000.0,-4868000000.0,2360000000.0,43378000000.0,-1545000000.0,-3905000000.0,-1205000000.0,1790000000.0,585000000.0,-325306000.0,-6337000000.0,55411000000.0,,1098000000.0,1098000000.0,-6.16,-6.16,-6573000000.0,-6573000000.0,-6337000000.0,-6408000000.0,-4939000000.0,-757000000.0,-5695000000.0,-5549000000.0,-499000000.0,-1205000000.0,1790000000.0,585000000.0,1058000000.0,12033000000.0,1682000000.0,10351000000.0,13091000000.0,43378000000.0,56469000000.0,56469000000.0,-4927000000.0,-4927000000.0,-4927000000.0,,1649000000.0,,10351000000.0,8177000000.0,6524000000.0,-123000000.0,,,0.0,,71000000.0,0.0,,,,,,,,-1469000000.0,,,237000000.0,1597000000.0,,,,,,,,,,,2174000000.0,
GE,2020-12-31,3048300000.0,0.27,1659000000.0,6615000000.0,3464000000.0,57871000000.0,12949000000.0,9485000000.0,-3515000000.0,3515000000.0,,-1626700000.0,5704000000.0,75425000000.0,,1095125000.0,1094125000.0,4.64,4.64,5230000000.0,5230000000.0,5704000000.0,5546000000.0,6457000000.0,-487000000.0,5970000000.0,9076000000.0,-2221000000.0,-3515000000.0,3515000000.0,,409000000.0,17554000000.0,2565000000.0,14989000000.0,17963000000.0,57871000000.0,75834000000.0,75834000000.0,11290000000.0,11290000000.0,11290000000.0,,,,14989000000.0,12592000000.0,301000000.0,7000000.0,,,,,158000000.0,877000000.0,,,,,,,,-911000000.0,,,474000000.0,12468000000.0,,,,,,,,,,,2397000000.0,
GE,2019-12-31,,,,,,,,,,,1507000000.0,,,,,,,,,,,,,,,,,,,,1507000000.0,,,,,,,,,,,,,,,,,256000000.0,,,,,,,1486000000.0,,,,,,,,,,,,,,,,,,,,,,,,
AMT,2023-12-31,-109352700.0,0.101,7088700000.0,1483300000.0,3086500000.0,3260600000.0,6006000000.0,2919500000.0,-1254800000.0,1398200000.0,143400000.0,2456647300.0,1483300000.0,7367700000.0,3024900000.0,467162000.0,466063000.0,3.18,3.18,1483300000.0,1483300000.0,1483300000.0,1367100000.0,1367100000.0,154200000.0,1521300000.0,-1000400000.0,82300000.0,-1254800000.0,1398200000.0,143400000.0,3776500000.0,4107100000.0,,992500000.0,7883600000.0,3260600000.0,11144200000.0,11144200000.0,-1082700000.0,-1082700000.0,-751900000.0,,-330800000.0,,,,300000.0,,,28100000.0,21800000.0,,116200000.0,604400000.0,,,,,,3086500000.0,3086500000.0,,,,,,-125400000.0,,,,,,,,,,,
AMT,2022-12-31,-3294200.0,0.014,6447600000.0,1765800000.0,3355100000.0,3263800000.0,6212300000.0,2857200000.0,-1064900000.0,1136500000.0,71600000.0,1997805800.0,1765800000.0,7674500000.0,2352300000.0,462750000.0,461519000.0,3.82,3.83,1765800000.0,1765800000.0,1765800000.0,1696700000.0,1696700000.0,24000000.0,1720700000.0,-251000000.0,-15700000.0,-1064900000.0,1136500000.0,71600000.0,3036600000.0,4410700000.0,,972300000.0,7447300000.0,3263800000.0,10711100000.0,10711100000.0,-235300000.0,-235300000.0,-684700000.0,,449400000.0,,,,400000.0,,,83300000.0,,,69100000.0,655900000.0,,,,,,3355100000.0,3355100000.0,,,,,,-28400000.0,,,,,,,,,,,
AMT,2021-12-31,29914448.292924,0.092528,5709600000.0,2567700000.0,2332600000.0,2682000000.0,6032900000.0,3700300000.0,-830500000.0,870900000.0,40400000.0,2274314448.292924,2567700000.0,6028500000.0,3132000000.0,453294003.0,451498003.0,5.66,5.69,2567700000.0,2567700000.0,2567700000.0,2567600000.0,2567600000.0,261800000.0,2829400000.0,331500000.0,8200000.0,-830500000.0,870900000.0,40400000.0,3328400000.0,3346500000.0,,811600000.0,6674900000.0,2682000000.0,9356900000.0,9356900000.0,323300000.0,323300000.0,-234600000.0,,557900000.0,,811600000.0,692100000.0,38200000.0,,,202300000.0,,,100000.0,173700000.0,,,,,,2332600000.0,2332600000.0,,119500000.0,,,,-22700000.0,,,,,,,,,,,
AMT,2020-12-31,-37596881.005985,0.071166,5025200000.0,1690600000.0,1882300000.0,2227200000.0,4496900000.0,2614600000.0,-753800000.0,793500000.0,39700000.0,2181303118.994015,1690600000.0,4913900000.0,2887500000.0,446104003.0,443640003.0,3.79,3.81,1690600000.0,1690600000.0,1690600000.0,1691500000.0,1691500000.0,129600000.0,1821100000.0,-552700000.0,-24400000.0,-753800000.0,793500000.0,39700000.0,3127600000.0,2686700000.0,,778700000.0,5814300000.0,2227200000.0,8041500000.0,8041500000.0,-528300000.0,-528300000.0,-311900000.0,,-216400000.0,,781700000.0,660900000.0,71800000.0,,,25700000.0,,,-900000.0,222800000.0,,,,,,1882300000.0,1882300000.0,,120800000.0,,,,-17300000.0,,,,,,,,,,,
AMT,2019-12-31,,,,,,,,,,,,,,,,,,,,,,,,,,,,,,,,,,,,,,,,,,,,,,733200000.0,621800000.0,,,,,,,,,,,,,,,,,111400000.0,,,,,,,,,,,,,,,
TMUS,2023-12-31,6100000.0,0.244,27127000000.0,8317000000.0,12818000000.0,30188000000.0,27152000000.0,14334000000.0,-3335000000.0,3335000000.0,,8298100000.0,8317000000.0,64317000000.0,14266000000.0,1200286264.0,1185121562.0,6.93,7.02,8317000000.0,8317000000.0,8317000000.0,8317000000.0,8317000000.0,2682000000.0,10999000000.0,93000000.0,68000000.0,-3335000000.0,3335000000.0,,14241000000.0,34129000000.0,,21311000000.0,48370000000.0,30188000000.0,78558000000.0,77379000000.0,25000000.0,25000000.0,25000000.0,,,,,,,,,,,,,0.0,,,,,,12818000000.0,12818000000.0,,,,,25000000.0,,,,,,,,,,,,
TMUS,2022-12-31,-276828000.0,0.177,21725000000.0,2590000000.0,13651000000.0,36206000000.0,20161000000.0,6510000000.0,-3364000000.0,3364000000.0,,3877172000.0,2590000000.0,71464000000.0,6543000000.0,1255376769.0,1249763934.0,2.06,2.07,2590000000.0,2590000000.0,2590000000.0,2590000000.0,2590000000.0,556000000.0,3146000000.0,-1597000000.0,-33000000.0,-3364000000.0,3364000000.0,,8107000000.0,35258000000.0,,21607000000.0,43365000000.0,36206000000.0,79571000000.0,78453000000.0,-1564000000.0,-1564000000.0,-1564000000.0,477000000.0,,,,,,,,,,,,477000000.0,,,,,,13651000000.0,13651000000.0,0.0,,,,-1087000000.0,,,,,,,,,,,,
TMUS,2021-12-31,0.0,0.098,23076000000.0,3024000000.0,16383000000.0,36605000000.0,23076000000.0,6693000000.0,-3342000000.0,3342000000.0,20000000.0,3024000000.0,3024000000.0,73226000000.0,6892000000.0,1254769926.0,1247154988.0,2.41,2.42,3024000000.0,3024000000.0,3024000000.0,3024000000.0,3024000000.0,327000000.0,3351000000.0,-199000000.0,-199000000.0,-3342000000.0,3342000000.0,20000000.0,6892000000.0,36621000000.0,,20238000000.0,43513000000.0,36605000000.0,80118000000.0,79096000000.0,0.0,0.0,0.0,0.0,,,,,,,,,,,,0.0,,,,,,16383000000.0,16383000000.0,0.0,,,,0.0,,,,,,,,,,,,
TMUS,2020-12-31,-93214000.0,0.223,20800000000.0,2744000000.0,14151000000.0,28266000000.0,20382000000.0,6231000000.0,-2701000000.0,2701000000.0,29000000.0,3068786000.0,3064000000.0,61343000000.0,6636000000.0,1154749428.0,1144206326.0,2.65,2.68,3064000000.0,3064000000.0,3064000000.0,3064000000.0,2744000000.0,786000000.0,3530000000.0,-823000000.0,-405000000.0,-2701000000.0,2701000000.0,29000000.0,7054000000.0,33077000000.0,,18926000000.0,40131000000.0,28266000000.0,68397000000.0,67707000000.0,-418000000.0,-418000000.0,-418000000.0,418000000.0,,,,,,,,,,,,418000000.0,,,,,,14151000000.0,14151000000.0,320000000.0,,,,0.0,,,,,,,,,,,,
TMUS,2019-12-31,,,,,,,,,,,24000000.0,,,,,,,,,,,,,,,,,,,,24000000.0,,,,,,,,,,,,0.0,,,,,,,,,,,,,,,0.0,,,,,0.0,,,,,,,,,,,,,,,,
MU,2023-08-31,-61740000.0,0.21,2780000000.0,-5833000000.0,7756000000.0,16956000000.0,2486000000.0,-5270000000.0,80000000.0,388000000.0,468000000.0,-5600740000.0,-5833000000.0,20999000000.0,-5745000000.0,1093000000.0,1093000000.0,-5.34,-5.34,-5833000000.0,-5833000000.0,-5833000000.0,-5833000000.0,-5833000000.0,177000000.0,-5658000000.0,-279000000.0,15000000.0,80000000.0,388000000.0,468000000.0,-5459000000.0,4043000000.0,3114000000.0,920000000.0,-1416000000.0,16956000000.0,15540000000.0,15540000000.0,-294000000.0,-294000000.0,-286000000.0,14000000.0,-8000000.0,,,,68000000.0,,2000000.0,9000000.0,157000000.0,,,101000000.0,,,,,,,,,,,,,54000000.0,,,,,,,,,,,
MU,2022-08-31,-5952000.0,0.093,16940000000.0,8687000000.0,7116000000.0,16860000000.0,16876000000.0,9760000000.0,-93000000.0,189000000.0,96000000.0,8745048000.0,8687000000.0,21049000000.0,9702000000.0,1122000000.0,1112000000.0,7.75,7.81,8687000000.0,8687000000.0,8687000000.0,8687000000.0,8687000000.0,888000000.0,9571000000.0,-45000000.0,19000000.0,-93000000.0,189000000.0,96000000.0,9709000000.0,4189000000.0,3116000000.0,1066000000.0,13898000000.0,16860000000.0,30758000000.0,30758000000.0,-64000000.0,-64000000.0,-90000000.0,63000000.0,26000000.0,,,,83000000.0,,4000000.0,7000000.0,-15000000.0,,0.0,0.0,,,0.0,,,,,,,,,,41000000.0,,,,,,,,,,,
MU,2021-08-31,-24129000.0,0.063,12998000000.0,5861000000.0,6214000000.0,17282000000.0,12615000000.0,6401000000.0,-146000000.0,183000000.0,37000000.0,6219871000.0,5861000000.0,20958000000.0,6283000000.0,1141000000.0,1120000000.0,5.14,5.23,5861000000.0,5861000000.0,5861000000.0,5861000000.0,5861000000.0,394000000.0,6218000000.0,-383000000.0,,-146000000.0,183000000.0,37000000.0,6747000000.0,3676000000.0,2663000000.0,894000000.0,10423000000.0,17282000000.0,27705000000.0,27705000000.0,-383000000.0,-383000000.0,-465000000.0,478000000.0,82000000.0,,,,1000000.0,,37000000.0,119000000.0,10000000.0,,0.0,0.0,,,0.0,,,,,,,,,,24000000.0,,,,,,,,,,,
MU,2020-08-31,470000.0,0.094,8822000000.0,2687000000.0,5650000000.0,14883000000.0,8827000000.0,3177000000.0,-80000000.0,194000000.0,114000000.0,2682470000.0,2687000000.0,18375000000.0,3003000000.0,1131000000.0,1110000000.0,2.37,2.42,2683000000.0,2687000000.0,2687000000.0,2710000000.0,2710000000.0,280000000.0,2983000000.0,3000000.0,-2000000.0,-80000000.0,194000000.0,114000000.0,3060000000.0,3492000000.0,2600000000.0,881000000.0,6552000000.0,14883000000.0,21435000000.0,21435000000.0,5000000.0,5000000.0,-17000000.0,,22000000.0,,,,-40000000.0,,7000000.0,11000000.0,60000000.0,,-23000000.0,,,,-4000000.0,,,,,,,,,,3000000.0,,,,,,,,,,,
PYPL,2023-12-31,61275000.0,0.215,6545000000.0,4246000000.0,1072000000.0,16067000000.0,6830000000.0,5758000000.0,133000000.0,347000000.0,480000000.0,4022275000.0,4246000000.0,24827000000.0,5028000000.0,1107000000.0,1103000000.0,3.84,3.85,4246000000.0,4246000000.0,4246000000.0,4246000000.0,4246000000.0,1165000000.0,5411000000.0,334000000.0,49000000.0,133000000.0,347000000.0,480000000.0,4944000000.0,8760000000.0,2973000000.0,3868000000.0,13704000000.0,16067000000.0,29771000000.0,29771000000.0,285000000.0,285000000.0,84000000.0,,201000000.0,1809000000.0,2059000000.0,2059000000.0,,,,1919000000.0,-84000000.0,,,,,,,,,,,,,,,,,,,,,,,,,,,
PYPL,2022-12-31,-143591000.0,0.281,5498000000.0,2419000000.0,1317000000.0,13745000000.0,4987000000.0,3670000000.0,-130000000.0,304000000.0,174000000.0,2786409000.0,2419000000.0,23474000000.0,3837000000.0,1158000000.0,1154000000.0,2.09,2.1,2419000000.0,2419000000.0,2419000000.0,2419000000.0,2419000000.0,947000000.0,3366000000.0,-548000000.0,-37000000.0,-130000000.0,304000000.0,174000000.0,4044000000.0,9729000000.0,3253000000.0,4356000000.0,13773000000.0,13745000000.0,27518000000.0,27518000000.0,-511000000.0,-511000000.0,-207000000.0,,-304000000.0,2257000000.0,2099000000.0,2099000000.0,,,,2120000000.0,207000000.0,,,,,,,,,,,,,,,,,,,,,,,,,,,
PYPL,2021-12-31,-4320000.0,0.27,5612000000.0,4169000000.0,1265000000.0,11375000000.0,5596000000.0,4331000000.0,-175000000.0,232000000.0,57000000.0,4180680000.0,4169000000.0,21047000000.0,4262000000.0,1186000000.0,1174000000.0,3.52,3.55,4169000000.0,4169000000.0,4169000000.0,4169000000.0,4169000000.0,-70000000.0,4099000000.0,-50000000.0,-34000000.0,-175000000.0,232000000.0,57000000.0,4324000000.0,9672000000.0,3038000000.0,4559000000.0,13996000000.0,11375000000.0,25371000000.0,25371000000.0,-16000000.0,-16000000.0,-62000000.0,,46000000.0,2445000000.0,2114000000.0,2114000000.0,,,,2075000000.0,62000000.0,,,,,,,,,,,,,,,,,,,,,,,,,,,
PYPL,2020-12-31,301750000.0,0.17,4688000000.0,4202000000.0,1189000000.0,9675000000.0,6463000000.0,5274000000.0,-121000000.0,209000000.0,88000000.0,2728750000.0,4202000000.0,18026000000.0,3289000000.0,1187000000.0,1173000000.0,3.54,3.58,4202000000.0,4202000000.0,4202000000.0,4202000000.0,4202000000.0,863000000.0,5065000000.0,1758000000.0,-17000000.0,-121000000.0,209000000.0,88000000.0,3428000000.0,8351000000.0,2642000000.0,3931000000.0,11779000000.0,9675000000.0,21454000000.0,21454000000.0,1775000000.0,1775000000.0,-139000000.0,,1914000000.0,1861000000.0,2070000000.0,2070000000.0,,,,1778000000.0,139000000.0,,,,,,,,,,,,,,,,,,,,,,,,,,,
C,2023-12-31,-213213000.0,0.273,,9229000000.0,4560000000.0,,,,54900000000.0,78358000000.0,133258000000.0,9796787000.0,9228000000.0,,,1955800000.0,1930100000.0,4.04,4.067147,7907000000.0,7850000000.0,9228000000.0,9381000000.0,9382000000.0,3528000000.0,12910000000.0,,,,,,,,,30712000000.0,,,78486000000.0,78486000000.0,-781000000.0,-781000000.0,-781000000.0,,-115000000.0,1393000000.0,29319000000.0,,,,,,781000000.0,,-153000000.0,,,,57000000.0,180000000.0,,,,-1000000.0,29232000000.0,,1198000000.0,,,,,,,2508000000.0,,22452000000.0,,,87000000.0,
C,2022-12-31,0.0,0.194,,15076000000.0,4262000000.0,,,,48668000000.0,25740000000.0,74408000000.0,15076000000.0,14845000000.0,,,1964300000.0,1946700000.0,7.0,7.037551,13741000000.0,13700000000.0,14845000000.0,14934000000.0,15165000000.0,3642000000.0,18807000000.0,,,,,,,,,28305000000.0,,,75305000000.0,75305000000.0,0.0,0.0,0.0,,-460000000.0,1556000000.0,26749000000.0,,,,,,0.0,,-89000000.0,,,,41000000.0,113000000.0,,,,-231000000.0,26655000000.0,,1032000000.0,,,,,,,2320000000.0,,20761000000.0,,,94000000.0,
C,2021-12-31,0.0,0.198,,21945000000.0,3964000000.0,,,,42494000000.0,7981000000.0,50475000000.0,21945000000.0,21952000000.0,,,2049400000.0,2033000000.0,10.14,10.797836,20789000000.0,20758000000.0,21952000000.0,22025000000.0,22018000000.0,5451000000.0,27469000000.0,,,,,,,,,26740000000.0,,,71887000000.0,71887000000.0,0.0,0.0,0.0,,459000000.0,1490000000.0,25250000000.0,,,,,,0.0,,-73000000.0,,,,31000000.0,154000000.0,,,,7000000.0,25134000000.0,,1040000000.0,,,,,,,2314000000.0,,19255000000.0,,,116000000.0,
C,2020-12-31,0.0,0.185,,11067000000.0,3937000000.0,,,,44751000000.0,13338000000.0,58089000000.0,11067000000.0,11047000000.0,,,2099000000.0,2085800000.0,4.87,5.451146,9909000000.0,9879000000.0,11047000000.0,11087000000.0,11107000000.0,2525000000.0,13632000000.0,,,,,,,,,23544000000.0,,,75494000000.0,75494000000.0,,,,,1581000000.0,1217000000.0,22327000000.0,7383000000.0,,,,,,,-40000000.0,,,,30000000.0,73000000.0,,,,-20000000.0,22214000000.0,,1095000000.0,,,,,,,2333000000.0,,18610000000.0,,,113000000.0,
C,2019-12-31,,,,,,,,,,,,,,,,,,,,,,,,,,,,,,,,,,,,,,,,,,,,,,,7077000000.0,,,,,,,,,,,,,,,,,,,,,,,,,,,,,,,,
CI,2023-12-31,-38974000.0,0.026,,5164000000.0,3035000000.0,,,6959000000.0,-1446000000.0,1446000000.0,,6624026000.0,5164000000.0,189674000000.0,,296882000.0,293892000.0,17.39,17.57,5164000000.0,5164000000.0,5164000000.0,5372000000.0,5372000000.0,141000000.0,5513000000.0,137243000000.0,,-1446000000.0,1446000000.0,,,,,14822000000.0,,,195187000000.0,195187000000.0,-1499000000.0,-1499000000.0,-1499000000.0,,,,,,1499000000.0,,,133801000000.0,,,-208000000.0,,36287000000.0,36287000000.0,,,,,1819000000.0,,,,,,,1819000000.0,,,,,,,,,,
CI,2022-12-31,319104000.0,0.192,,6704000000.0,2937000000.0,,,9625000000.0,-1228000000.0,1228000000.0,,5361104000.0,6704000000.0,171634000000.0,,313065000.0,313065000.0,21.299091,21.299091,6704000000.0,6704000000.0,6704000000.0,6782000000.0,6782000000.0,1615000000.0,8397000000.0,128566000000.0,,-1228000000.0,1228000000.0,,,,,13174000000.0,,,180031000000.0,180031000000.0,1662000000.0,1662000000.0,1662000000.0,,,,,,-1662000000.0,,,124834000000.0,,,-78000000.0,,32184000000.0,32184000000.0,,,,,1876000000.0,,,,,,,1876000000.0,,,,,,,,,,
CI,2021-12-31,-28482000.0,0.202,,5370000000.0,2923000000.0,,,7998000000.0,-1208000000.0,1208000000.0,,5482518000.0,5370000000.0,167477000000.0,,340966000.0,337962000.0,15.75,15.89,5370000000.0,5370000000.0,5370000000.0,5420000000.0,5420000000.0,1370000000.0,6790000000.0,121413000000.0,,-1208000000.0,1208000000.0,,,,,13012000000.0,,,174267000000.0,174267000000.0,-141000000.0,-141000000.0,-141000000.0,,,,,,141000000.0,,,117553000000.0,,,-50000000.0,,33565000000.0,33565000000.0,,,,,1998000000.0,,,,,,,1998000000.0,,,,,,,,,,
CI,2020-12-31,876876000.0,0.219,,8458000000.0,2802000000.0,,,12306000000.0,-1438000000.0,1438000000.0,,5330876000.0,8458000000.0,149682000000.0,,368389000.0,364979000.0,22.96,23.17,8458000000.0,8458000000.0,8458000000.0,8489000000.0,8489000000.0,2379000000.0,10868000000.0,107769000000.0,,-1438000000.0,1438000000.0,,,,,14072000000.0,,,160550000000.0,160550000000.0,4004000000.0,4004000000.0,4004000000.0,,,,,,-4004000000.0,,,103484000000.0,,,-31000000.0,,32710000000.0,32710000000.0,,,,,1982000000.0,,,,,,,1982000000.0,,,,,,,,,,
CB,2023-12-31,-3726000.0,0.054,,9028000000.0,310000000.0,,,10198000000.0,-672000000.0,672000000.0,69000000.0,9093274000.0,9028000000.0,40300000000.0,,414202568.0,410845263.0,21.8,21.97,9028000000.0,9028000000.0,9028000000.0,9015000000.0,9015000000.0,511000000.0,9526000000.0,-307000000.0,,-672000000.0,672000000.0,,,,,4007000000.0,,,49826000000.0,49826000000.0,-69000000.0,-69000000.0,-69000000.0,,,,4007000000.0,4007000000.0,,,,47000000.0,69000000.0,,13000000.0,,24100000000.0,24100000000.0,,,,,310000000.0,,,,,,,310000000.0,,,,,,,,,,24100000000.0
CB,2022-12-31,-9168000.0,0.191,,5246000000.0,285000000.0,,,7055000000.0,-570000000.0,570000000.0,42000000.0,5284832000.0,5246000000.0,36570000000.0,,423500000.0,414594856.0,12.55,12.81492,5246000000.0,5246000000.0,5246000000.0,5246000000.0,5246000000.0,1239000000.0,6485000000.0,80000000.0,,-570000000.0,570000000.0,,,,,3395000000.0,,,43055000000.0,43055000000.0,-48000000.0,-48000000.0,-48000000.0,,,,3395000000.0,3395000000.0,,,,48000000.0,48000000.0,,0.0,,22572000000.0,22572000000.0,,,,,285000000.0,,,,,,,285000000.0,,,,,,,,,,22572000000.0
CB,2021-12-31,0.0,0.13,,8525000000.0,287000000.0,,,10286000000.0,-492000000.0,492000000.0,11000000.0,8525000000.0,8525000000.0,31067000000.0,,443200000.0,426572612.0,19.27,20.017694,8525000000.0,8525000000.0,8525000000.0,8525000000.0,8525000000.0,1269000000.0,9794000000.0,91000000.0,,-492000000.0,492000000.0,,,,,3135000000.0,,,40861000000.0,40861000000.0,0.0,0.0,0.0,,,,3135000000.0,3135000000.0,,,,60000000.0,0.0,,0.0,,21030000000.0,21030000000.0,,,,,287000000.0,,,,,,,287000000.0,,,,,,,,,,21030000000.0
CB,2020-12-31,0.0,0.151,,3533000000.0,290000000.0,,,4678000000.0,-516000000.0,516000000.0,19000000.0,3533000000.0,3533000000.0,31890000000.0,,453400000.0,450732625.0,7.79,7.83835,3533000000.0,3533000000.0,3533000000.0,3533000000.0,3533000000.0,629000000.0,4162000000.0,,,-516000000.0,516000000.0,,,,,2979000000.0,,,36052000000.0,36052000000.0,0.0,0.0,0.0,,,,2979000000.0,2979000000.0,,,,83000000.0,0.0,,,,21710000000.0,21710000000.0,,,,,290000000.0,,,,,,,290000000.0,,,,,,,,,,21710000000.0
APD,2023-09-30,-46718600.0,0.191,4662800000.0,2292800000.0,1358300000.0,8833000000.0,4418200000.0,3059900000.0,-177500000.0,177500000.0,,2490681400.0,2300200000.0,9860800000.0,2494600000.0,222700000.0,222300000.0,10.33,10.35,2300200000.0,2300200000.0,2300200000.0,2338600000.0,2331200000.0,551200000.0,2882400000.0,320700000.0,-39000000.0,-177500000.0,177500000.0,,2739200000.0,1027800000.0,105600000.0,957000000.0,3767000000.0,8833000000.0,12600000000.0,12600000000.0,-244600000.0,-244600000.0,-244600000.0,,,,,,,604300000.0,,-34800000.0,,,-38400000.0,,,,,,,,,7400000.0,,,,-244600000.0,,,,,,,,,,,,
APD,2022-09-30,-13413400.0,0.182,4294600000.0,2243500000.0,1338200000.0,9338500000.0,4220900000.0,2882700000.0,-128000000.0,128000000.0,,2303786600.0,2256100000.0,10286100000.0,2338800000.0,222500000.0,222000000.0,10.14,10.16,2256100000.0,2256100000.0,2256100000.0,2266500000.0,2253900000.0,500800000.0,2754700000.0,470200000.0,62400000.0,-128000000.0,128000000.0,,2412500000.0,947600000.0,102900000.0,900600000.0,3360100000.0,9338500000.0,12698600000.0,12698600000.0,-73700000.0,-73700000.0,-73700000.0,,,,900600000.0,900600000.0,,481500000.0,,-55900000.0,0.0,,-10400000.0,,,,,,,,,12600000.0,,,,-73700000.0,,,,,,,,,,,,
APD,2021-09-30,-4292000.0,0.185,3993700000.0,2028800000.0,1321300000.0,7186100000.0,3970500000.0,2649200000.0,-141800000.0,141800000.0,,2047708000.0,2099100000.0,8055200000.0,2281400000.0,222500000.0,221600000.0,9.43,9.47,2099100000.0,2099100000.0,2099100000.0,2114900000.0,2044600000.0,462800000.0,2507400000.0,381400000.0,73700000.0,-141800000.0,141800000.0,,2267800000.0,869100000.0,93500000.0,828400000.0,3136900000.0,7186100000.0,10323000000.0,10323000000.0,-23200000.0,-23200000.0,-23200000.0,,,,828400000.0,828400000.0,23200000.0,330900000.0,,-52800000.0,0.0,,-15800000.0,,,,,,,,,70300000.0,,,,0.0,,,,,,,,,,,,
APD,2020-09-30,0.0,0.197,3718100000.0,1901000000.0,1185000000.0,5858100000.0,3718100000.0,2533100000.0,-109300000.0,109300000.0,,1901000000.0,1886700000.0,6618700000.0,2237600000.0,222300000.0,221200000.0,8.49,8.53,1886700000.0,1886700000.0,1886700000.0,1931100000.0,1945400000.0,478400000.0,2423800000.0,295500000.0,30700000.0,-109300000.0,109300000.0,,2237600000.0,760600000.0,83900000.0,742100000.0,2998200000.0,5858100000.0,8856300000.0,8856300000.0,0.0,0.0,0.0,,,,742100000.0,742100000.0,,264800000.0,,-65400000.0,0.0,,-44400000.0,,,,,,,,,-14300000.0,,,,0.0,,,,,,,,,,,,
F,2023-12-31,-43050000.0,0.21,12013000000.0,4347000000.0,6523000000.0,160031000000.0,11808000000.0,5285000000.0,249000000.0,1318000000.0,1567000000.0,4508950000.0,4347000000.0,170733000000.0,5458000000.0,4041000000.0,3998000000.0,1.08,1.09,4347000000.0,4347000000.0,4347000000.0,4329000000.0,4329000000.0,-362000000.0,3967000000.0,-1740000000.0,-1958000000.0,249000000.0,1318000000.0,1567000000.0,5458000000.0,10702000000.0,,10702000000.0,16160000000.0,160031000000.0,176191000000.0,176191000000.0,-205000000.0,-205000000.0,0.0,,-205000000.0,,,,,423000000.0,,,,,18000000.0,,,,,,,,,,,,,,,,,,,,,,,,,
F,2022-12-31,-2184754000.0,0.286,12398000000.0,-1981000000.0,6493000000.0,140893000000.0,4759000000.0,-1734000000.0,-643000000.0,1282000000.0,639000000.0,3473246000.0,-1981000000.0,151781000000.0,6276000000.0,4056000000.0,4014000000.0,-0.49,-0.49,-1981000000.0,-1981000000.0,-1981000000.0,-2152000000.0,-2152000000.0,-864000000.0,-3016000000.0,-8649000000.0,2020000000.0,-643000000.0,1282000000.0,639000000.0,6276000000.0,10888000000.0,,10888000000.0,17164000000.0,140893000000.0,158057000000.0,158057000000.0,-7639000000.0,-7639000000.0,-121000000.0,,-7518000000.0,,,,121000000.0,-3030000000.0,,,,,171000000.0,,,,,,,,,,,,,,,,,,,,,,,,,
F,2021-12-31,2013390000.0,0.27,18086000000.0,17937000000.0,5960000000.0,119903000000.0,25543000000.0,19583000000.0,-1542000000.0,1803000000.0,261000000.0,12493390000.0,17937000000.0,131818000000.0,4523000000.0,4034000000.0,3991000000.0,4.45,4.49,17937000000.0,17937000000.0,17937000000.0,17910000000.0,17910000000.0,-130000000.0,17780000000.0,14799000000.0,6647000000.0,-1542000000.0,1803000000.0,261000000.0,4523000000.0,11915000000.0,,11915000000.0,16438000000.0,119903000000.0,136341000000.0,136341000000.0,7457000000.0,7457000000.0,-1702000000.0,,9159000000.0,,,,1702000000.0,695000000.0,,,,,27000000.0,,,,,,,,,,,,,,,,,,,,,,,,,
F,2020-12-31,87480000.0,0.27,7668000000.0,-1279000000.0,7457000000.0,121359000000.0,7992000000.0,535000000.0,-1199000000.0,1651000000.0,452000000.0,-1515520000.0,-1279000000.0,131552000000.0,-4408000000.0,3973000000.0,3973000000.0,-0.32,-0.32,-1279000000.0,-1279000000.0,-1279000000.0,-1276000000.0,-1276000000.0,160000000.0,-1116000000.0,4491000000.0,679000000.0,-1199000000.0,1651000000.0,452000000.0,-4408000000.0,10193000000.0,,10193000000.0,5785000000.0,121359000000.0,127144000000.0,127144000000.0,324000000.0,324000000.0,-1000000.0,,325000000.0,,,,1000000.0,3488000000.0,,8607000000.0,,,-3000000.0,,,,,,,,,,,,,,,,,,,,,,,,,
F,2019-12-31,,,,,,,,,,,,,,,,,,,,,,,,,,,,,,,,,,,,,,,,,,,,,,,,55000000.0,,,9472000000.0,,,,,,,,,,,,,,,,,,,,,,,,,,,,
MRNA,2023-12-31,-15120000.0,0.21,-3211000000.0,-4714000000.0,621000000.0,4693000000.0,-3283000000.0,-3904000000.0,383000000.0,38000000.0,421000000.0,-4657120000.0,-4714000000.0,10993000000.0,-4239000000.0,382000000.0,382000000.0,-12.33,-12.33,-4714000000.0,-4714000000.0,-4714000000.0,-4714000000.0,-4714000000.0,772000000.0,-3942000000.0,-86000000.0,-14000000.0,383000000.0,38000000.0,421000000.0,-4239000000.0,6300000000.0,4845000000.0,1549000000.0,2061000000.0,4693000000.0,6754000000.0,6671000000.0,-72000000.0,-72000000.0,,,-72000000.0,,,,,,,-94000000.0,,,,,,,,,,,,,,,,,,,,,,,,,,,,
MRNA,2022-12-31,-2540000.0,0.127,9972000000.0,8362000000.0,348000000.0,5416000000.0,9952000000.0,9604000000.0,171000000.0,29000000.0,200000000.0,8379460000.0,8362000000.0,9455000000.0,9420000000.0,416000000.0,394000000.0,20.12,21.26,8362000000.0,8362000000.0,8362000000.0,8362000000.0,8362000000.0,1213000000.0,9575000000.0,-16000000.0,4000000.0,171000000.0,29000000.0,200000000.0,9420000000.0,4039000000.0,3295000000.0,1132000000.0,13459000000.0,5416000000.0,18875000000.0,18435000000.0,-20000000.0,-20000000.0,,,-20000000.0,,,,,,,-388000000.0,,,,,,,,,,,,,,,,,,,,,,,,,,,,
MRNA,2021-12-31,0.0,0.081,13528000000.0,12202000000.0,232000000.0,2617000000.0,13528000000.0,13296000000.0,18000000.0,18000000.0,18000000.0,12202000000.0,12202000000.0,4440000000.0,13296000000.0,431000000.0,403000000.0,28.29,30.31,12202000000.0,12202000000.0,12202000000.0,12202000000.0,12202000000.0,1083000000.0,13285000000.0,-29000000.0,-29000000.0,18000000.0,18000000.0,18000000.0,13296000000.0,1823000000.0,1991000000.0,567000000.0,15119000000.0,2617000000.0,17736000000.0,17675000000.0,1000000.0,1000000.0,,,1000000.0,,,,,,,-735000000.0,,,,,,,,,,,,,,,,,,,,,,,,,,,,
MRNA,2020-12-31,0.0,0.27,-732000000.0,-747000000.0,31000000.0,8000000.0,-732000000.0,-763000000.0,25000000.0,9886000.0,25000000.0,-747000000.0,-747000000.0,1037000000.0,-763000000.0,381333059.0,381333059.0,-1.96,-1.96,-747000000.0,-747000000.0,-747000000.0,-747000000.0,-747000000.0,3000000.0,-744000000.0,-6000000.0,-6000000.0,25000000.0,9886000.0,25000000.0,-763000000.0,1029000000.0,1370000000.0,188000000.0,266000000.0,8000000.0,274000000.0,274000000.0,1301000.0,1301000.0,,,1301000.0,,,,,,,-529000000.0,,,,,,,,0.0,,,,,,,,,,,,,,,,,,,,
MRNA,2019-12-31,,,,,,,,,,,,,,,,,,,,,,,,,,,,,,,,,,,,,,,,,,,,,,109620000.0,109620000.0,,,,,,,,,,,,0.0,,,,,,,,,,,,,,,,,,,,
EQIX,2023-12-31,-1021338.0,0.138,3378791000.0,969178000.0,1845138000.0,4227658000.0,3371390000.0,1526252000.0,-307795000.0,402022000.0,94227000.0,975557662.0,969178000.0,6737496000.0,1443274000.0,94009000.0,93615000.0,10.31,10.35,969178000.0,969178000.0,969178000.0,968980000.0,968980000.0,155250000.0,1124230000.0,-18615000.0,-11214000.0,-307795000.0,402022000.0,94227000.0,1450640000.0,2509838000.0,,2509838000.0,3960478000.0,4227658000.0,8188136000.0,8188136000.0,-7401000.0,-7401000.0,-7401000.0,,,855796000.0,1654042000.0,1654042000.0,35000.0,,,,12412000.0,,198000.0,,,,,,,,,,,,,,5046000.0,,,,,,,,,,,
EQIX,2022-12-31,-3823200.0,0.15,2947402000.0,704345000.0,1736208000.0,3751501000.0,2921914000.0,1185706000.0,-320069000.0,356337000.0,36268000.0,726009800.0,704345000.0,6036762000.0,1200528000.0,91828000.0,91569000.0,7.67,7.69,704345000.0,704345000.0,704345000.0,704577000.0,704577000.0,124792000.0,829369000.0,-76905000.0,-51417000.0,-320069000.0,356337000.0,36268000.0,1226343000.0,2285261000.0,,2285261000.0,3511604000.0,3751501000.0,7263105000.0,7263105000.0,-25488000.0,-25488000.0,-25488000.0,,,786560000.0,1498701000.0,1498701000.0,-327000.0,,,,21839000.0,,-232000.0,0.0,,,,,,,,,,,,,-3976000.0,,,,,,,,,,,
EQIX,2021-12-31,-22741771.0,0.179,2728373000.0,500191000.0,1656290000.0,3472422000.0,2601324000.0,945034000.0,-333438000.0,336082000.0,2644000.0,604498229.0,500191000.0,5515451000.0,1108162000.0,90409000.0,89772000.0,5.53,5.57,500191000.0,500191000.0,500191000.0,499728000.0,499728000.0,109224000.0,608952000.0,-177696000.0,-50647000.0,-333438000.0,336082000.0,2644000.0,1120086000.0,2043029000.0,,2043029000.0,3163115000.0,3472422000.0,6635537000.0,6635537000.0,-127049000.0,-127049000.0,-127049000.0,,,741232000.0,1301797000.0,1301797000.0,115125000.0,,,,22769000.0,,463000.0,0.0,,,,,,,,,,,,,10845000.0,,,,,,,,,,,
EQIX,2020-12-31,-58791552.0,0.283,2553804000.0,369777000.0,1423369000.0,3074340000.0,2346060000.0,922691000.0,-397812000.0,406466000.0,8654000.0,518729448.0,369777000.0,4883677000.0,1052928000.0,88410000.0,87700000.0,4.18,4.22,369777000.0,369777000.0,369777000.0,370074000.0,370074000.0,146151000.0,516225000.0,-200831000.0,6913000.0,-397812000.0,406466000.0,8654000.0,1114868000.0,1809337000.0,,1809337000.0,2924205000.0,3074340000.0,5998545000.0,5998545000.0,-207744000.0,-207744000.0,-207744000.0,,,718356000.0,1090981000.0,1090981000.0,145804000.0,,,,55935000.0,,-297000.0,7306000.0,,,,,,,,,,,,,1301000.0,,,,,,,,,,,
EQIX,2019-12-31,,,,,,,,,,,,,,,,,,,,,,,,,,,,,,,,,,,,,,,,,,,,,,,,,,,,,,,15790000.0,,,,,,,,,,,,,,,,,,,,,,,,
ICE,2023-12-31,-43040000.0,0.16,5186000000.0,2368000000.0,1215000000.0,4244000000.0,4917000000.0,3702000000.0,-489000000.0,808000000.0,319000000.0,2593960000.0,2368000000.0,5940000000.0,3694000000.0,565000000.0,564000000.0,4.19,4.2,2368000000.0,2368000000.0,2368000000.0,2438000000.0,2438000000.0,456000000.0,2894000000.0,-580000000.0,-311000000.0,-489000000.0,808000000.0,319000000.0,3963000000.0,1696000000.0,,481000000.0,5659000000.0,4244000000.0,9903000000.0,9903000000.0,-269000000.0,-269000000.0,-269000000.0,,,,481000000.0,389000000.0,,,,,269000000.0,92000000.0,-70000000.0,,,,,,,1215000000.0,1215000000.0,,,,,,,,,,,,,,,92000000.0,,
ICE,2022-12-31,-15810000.0,0.17,3548000000.0,1446000000.0,1031000000.0,4434000000.0,3455000000.0,2424000000.0,-508000000.0,616000000.0,108000000.0,1523190000.0,1446000000.0,5905000000.0,3638000000.0,561000000.0,559000000.0,2.58,2.59,1446000000.0,1446000000.0,1446000000.0,1498000000.0,1498000000.0,310000000.0,1808000000.0,-1415000000.0,-1322000000.0,-508000000.0,616000000.0,108000000.0,3731000000.0,1471000000.0,,440000000.0,5202000000.0,4434000000.0,9636000000.0,9636000000.0,-93000000.0,-93000000.0,-93000000.0,,,,440000000.0,357000000.0,,,,,93000000.0,83000000.0,-52000000.0,,,,,,,1031000000.0,1031000000.0,,,,,,,,,,,,,,,83000000.0,,
ICE,2021-12-31,-29580000.0,0.29,7232000000.0,4058000000.0,1009000000.0,4150000000.0,7130000000.0,6121000000.0,-422000000.0,423000000.0,1000000.0,4130420000.0,4058000000.0,5617000000.0,3449000000.0,565000000.0,562000000.0,7.18,7.22,4058000000.0,4058000000.0,4058000000.0,4069000000.0,4069000000.0,1629000000.0,5698000000.0,2569000000.0,2671000000.0,-422000000.0,423000000.0,1000000.0,3551000000.0,1467000000.0,,458000000.0,5018000000.0,4150000000.0,9168000000.0,9168000000.0,-102000000.0,-102000000.0,-102000000.0,,,,458000000.0,374000000.0,,,,,102000000.0,84000000.0,-11000000.0,,,,,,,1009000000.0,1009000000.0,,,,,,,,,,,,,,,84000000.0,,
ICE,2020-12-31,-25200000.0,0.24,3979000000.0,2089000000.0,751000000.0,3945000000.0,3874000000.0,3123000000.0,-347000000.0,357000000.0,10000000.0,2168800000.0,2089000000.0,5106000000.0,3033000000.0,555000000.0,552000000.0,3.77,3.79,2089000000.0,2089000000.0,2089000000.0,2108000000.0,2108000000.0,658000000.0,2766000000.0,-25000000.0,80000000.0,-347000000.0,357000000.0,10000000.0,3138000000.0,1161000000.0,,410000000.0,4299000000.0,3945000000.0,8244000000.0,8244000000.0,-105000000.0,-105000000.0,-105000000.0,,,,410000000.0,329000000.0,,,,,105000000.0,81000000.0,-19000000.0,,,,,,,751000000.0,751000000.0,,,,,,,,,,,,,,,81000000.0,,
ICE,2019-12-31,,,,,,,,,,,,,,,,,,,,,,,,,,,,,,,,,,,,,,,,,,,,,,,,,,,,,,,,,,,,,,,,1042000000.0,,,,,,,,,,,,,,,
GM,2023-12-31,-4158000.0,0.054,23279000000.0,10127000000.0,11888000000.0,152704000000.0,23202000000.0,11314000000.0,198000000.0,911000000.0,1109000000.0,10199842000.0,10127000000.0,162544000000.0,9298000000.0,1369000000.0,1364000000.0,7.32,7.35,10022000000.0,10022000000.0,10127000000.0,9840000000.0,9840000000.0,563000000.0,10403000000.0,908000000.0,505000000.0,198000000.0,911000000.0,1109000000.0,9298000000.0,9840000000.0,,9840000000.0,19138000000.0,152704000000.0,171842000000.0,171842000000.0,-77000000.0,-77000000.0,,,-77000000.0,,,,,480000000.0,,,,,287000000.0,,,,,,,,,,,,106000000.0,,,,,,,,,,,,,
GM,2022-12-31,-38468000.0,0.163,24110000000.0,9934000000.0,11290000000.0,135754000000.0,23874000000.0,12584000000.0,-527000000.0,987000000.0,460000000.0,10131532000.0,9934000000.0,146421000000.0,10315000000.0,1454000000.0,1445000000.0,6.13,6.17,8915000000.0,8915000000.0,9934000000.0,9708000000.0,9708000000.0,1888000000.0,11597000000.0,1809000000.0,1208000000.0,-527000000.0,987000000.0,460000000.0,10314000000.0,10667000000.0,,10667000000.0,20981000000.0,135754000000.0,156735000000.0,156735000000.0,-236000000.0,-236000000.0,,,-236000000.0,,,,,837000000.0,,,,,226000000.0,,,,,,,,,,,,1019000000.0,,,,,,,,,,,,,
GM,2021-12-31,124478000.0,0.218,25146000000.0,10019000000.0,12051000000.0,109126000000.0,25717000000.0,13666000000.0,-804000000.0,950000000.0,146000000.0,9572478000.0,10019000000.0,117680000000.0,9324000000.0,1468000000.0,1451000000.0,6.7,6.78,9837000000.0,9837000000.0,10019000000.0,9945000000.0,9945000000.0,2771000000.0,12716000000.0,4196000000.0,2324000000.0,-804000000.0,950000000.0,146000000.0,9324000000.0,8554000000.0,,8554000000.0,17878000000.0,109126000000.0,127004000000.0,127004000000.0,571000000.0,571000000.0,,,571000000.0,,,,,1301000000.0,,,,,74000000.0,,,,,,,,,,,,182000000.0,,,,,,,,,,,,,
GM,2020-12-31,58035000.0,0.219,21743000000.0,6427000000.0,12815000000.0,108813000000.0,22008000000.0,9193000000.0,-857000000.0,1098000000.0,241000000.0,6220035000.0,6427000000.0,115851000000.0,6634000000.0,1442000000.0,1433000000.0,4.33,4.36,6247000000.0,6247000000.0,6427000000.0,6321000000.0,6321000000.0,1774000000.0,8095000000.0,2318000000.0,1379000000.0,-857000000.0,1098000000.0,241000000.0,6634000000.0,7038000000.0,,7038000000.0,13672000000.0,108813000000.0,122485000000.0,122485000000.0,265000000.0,265000000.0,,,265000000.0,,,,,674000000.0,,,,,106000000.0,,,,,,,,,0.0,,,180000000.0,,,,,,,,,,,,,
GM,2019-12-31,,,,,,,,,,,,,,,,,,,,,,,,,,,,,,,,,,,,,,,,,,,,,,,,,,,,,,,,,,,,,,,0.0,,,,,,,,,,,,,,,,
EW,2023-12-31,-22902800.0,0.124,1945300000.0,1402400000.0,144900000.0,1379800000.0,1760600000.0,1615700000.0,49600000.0,17600000.0,67200000.0,1564197200.0,1402400000.0,4276200000.0,1534100000.0,609400000.0,606700000.0,2.3,2.31,1402400000.0,1402400000.0,1402400000.0,1399400000.0,1399400000.0,198700000.0,1598100000.0,-180100000.0,4600000.0,49600000.0,17600000.0,67200000.0,1728600000.0,2896400000.0,1071800000.0,1824600000.0,4625000000.0,1379800000.0,6004800000.0,6004800000.0,-184700000.0,-184700000.0,-194500000.0,,9800000.0,,1823400000.0,1824600000.0,203500000.0,,,,-9000000.0,,3000000.0,,,,,,,,,,-1200000.0,,,-17200000.0,,,,,,,,,,,,
EW,2022-12-31,-5448800.0,0.139,1965400000.0,1521900000.0,139600000.0,1080400000.0,1926200000.0,1786600000.0,16300000.0,19200000.0,35500000.0,1555651200.0,1521900000.0,3593200000.0,1748500000.0,624200000.0,619000000.0,2.44,2.46,1521900000.0,1521900000.0,1521900000.0,1521900000.0,1521900000.0,245500000.0,1767400000.0,-38100000.0,1100000.0,16300000.0,19200000.0,35500000.0,1789200000.0,2512800000.0,945200000.0,1567600000.0,4302000000.0,1080400000.0,5382400000.0,5382400000.0,-39200000.0,-39200000.0,-36900000.0,,-2300000.0,,1566500000.0,1567600000.0,12000000.0,,,,24900000.0,,0.0,,,,,,,,,,-1100000.0,,,-60700000.0,,,,,,,,,,,,
EW,2021-12-31,13357385.428907,0.116863,1740900000.0,1503100000.0,134800000.0,1248900000.0,1855200000.0,1720400000.0,-1000000.0,18400000.0,17400000.0,1402157385.428907,1503100000.0,3645700000.0,1690300000.0,631200000.0,623300000.0,2.38,2.41,1503100000.0,1503100000.0,1503100000.0,1503100000.0,1503100000.0,198900000.0,1702000000.0,116200000.0,1900000.0,-1000000.0,18400000.0,17400000.0,1586800000.0,2396800000.0,903100000.0,1493700000.0,3983600000.0,1248900000.0,5232500000.0,5232500000.0,114300000.0,114300000.0,103500000.0,,10800000.0,,1494000000.0,1493700000.0,20600000.0,,,,-124100000.0,,0.0,,,,,,,,,,300000.0,,,0.0,,,,,,,,,,,,
EW,2020-12-31,-41332093.378423,0.101778,1445800000.0,823400000.0,107200000.0,1080600000.0,1039700000.0,932500000.0,7600000.0,15800000.0,23400000.0,1188167906.621577,823400000.0,3069700000.0,897600000.0,631900000.0,622600000.0,1.3,1.32,823400000.0,823400000.0,823400000.0,823400000.0,823400000.0,93300000.0,916700000.0,-407500000.0,-1400000.0,7600000.0,15800000.0,23400000.0,1316600000.0,1989100000.0,760700000.0,1228400000.0,3305700000.0,1080600000.0,4386300000.0,4386300000.0,-406100000.0,-406100000.0,-419000000.0,,12900000.0,,,,405400000.0,,,,13600000.0,,,,,,,,,,,,,,,,,,,,,,,,,,,
EW,2019-12-31,,,,,,,,,,,,,,,,,,,,,,,,,,,,,,,,,,,,,,,,,,,,,,,,,,,,,,,40600000.0,,,,,,,,,,,,,,,,,,,,,,,,
DUK,2023-12-31,15160478.288232,0.091882,13700000000.0,4296000000.0,6084000000.0,14473000000.0,13865000000.0,7781000000.0,-2985000000.0,3014000000.0,29000000.0,4146160478.288232,2841000000.0,21957000000.0,7070000000.0,771000000.0,771000000.0,3.54,3.54,2735000000.0,2735000000.0,2841000000.0,2874000000.0,4329000000.0,438000000.0,4767000000.0,649000000.0,371000000.0,-2985000000.0,3014000000.0,29000000.0,7103000000.0,6653000000.0,,,13756000000.0,15304000000.0,29060000000.0,29060000000.0,165000000.0,165000000.0,165000000.0,85000000.0,,,,,-198000000.0,113000000.0,,,,,-33000000.0,,,,,,,5253000000.0,5253000000.0,-1455000000.0,,1400000000.0,106000000.0,,52000000.0,,,,,,,,,,,
DUK,2022-12-31,-15816576.75331,0.073565,12575000000.0,3873000000.0,5843000000.0,15035000000.0,12360000000.0,6517000000.0,-2412000000.0,2439000000.0,27000000.0,4072183423.24669,2550000000.0,22344000000.0,6012000000.0,770000000.0,770000000.0,3.33,3.33,2444000000.0,2444000000.0,2550000000.0,2455000000.0,3778000000.0,300000000.0,4078000000.0,66000000.0,168000000.0,-2412000000.0,2439000000.0,27000000.0,6424000000.0,6552000000.0,,,12976000000.0,15792000000.0,28768000000.0,28768000000.0,-215000000.0,-215000000.0,-215000000.0,434000000.0,,,,,-197000000.0,113000000.0,,,,,95000000.0,,,,,,,5086000000.0,5086000000.0,-1323000000.0,,1466000000.0,106000000.0,,22000000.0,,,,,,,,,,,
DUK,2021-12-31,-11415685.291907,0.067151,12031000000.0,4052000000.0,5663000000.0,11762000000.0,11861000000.0,6198000000.0,-2194000000.0,2207000000.0,13000000.0,4210584314.708093,3908000000.0,18780000000.0,5500000000.0,769000000.0,769000000.0,4.94,4.94,3802000000.0,3802000000.0,3908000000.0,3579000000.0,3723000000.0,268000000.0,3991000000.0,344000000.0,452000000.0,-2194000000.0,2207000000.0,13000000.0,5841000000.0,6117000000.0,,,11958000000.0,12663000000.0,24621000000.0,24621000000.0,-170000000.0,-170000000.0,-170000000.0,353000000.0,,,,,-171000000.0,62000000.0,,,,,329000000.0,,,,,,,4762000000.0,4762000000.0,-144000000.0,,1355000000.0,106000000.0,,12000000.0,,,,,,,,,,,
DUK,2020-12-31,-219510000.0,0.27,9316000000.0,1384000000.0,5486000000.0,11031000000.0,8503000000.0,3017000000.0,-2067000000.0,2097000000.0,30000000.0,1977490000.0,1377000000.0,17828000000.0,4571000000.0,738000000.0,737000000.0,1.72,1.72,1270000000.0,1270000000.0,1377000000.0,1082000000.0,1089000000.0,-169000000.0,920000000.0,-2551000000.0,267000000.0,-2067000000.0,2097000000.0,30000000.0,5538000000.0,5815000000.0,,,11353000000.0,12013000000.0,23366000000.0,23366000000.0,-813000000.0,-813000000.0,-813000000.0,978000000.0,,,,,-154000000.0,-2005000000.0,,,,,295000000.0,,,,,,,4504000000.0,4504000000.0,-7000000.0,,1311000000.0,107000000.0,,11000000.0,,,,,,,,,,,
SO,2023-12-31,30552000.0,0.114,11509000000.0,3976000000.0,4986000000.0,13084000000.0,11777000000.0,6791000000.0,-2446000000.0,2446000000.0,,3738552000.0,3976000000.0,19427000000.0,5826000000.0,1098000000.0,1092000000.0,3.62,3.64,3976000000.0,3976000000.0,3976000000.0,3849000000.0,3849000000.0,496000000.0,4345000000.0,965000000.0,553000000.0,-2446000000.0,2446000000.0,,5826000000.0,5882000000.0,,,11708000000.0,13545000000.0,25253000000.0,24304000000.0,268000000.0,268000000.0,268000000.0,0.0,,,,,-268000000.0,144000000.0,,-68000000.0,,,127000000.0,,,,,,,4525000000.0,4525000000.0,,,1425000000.0,,,,,,,,,,,,,,
SO,2022-12-31,-5076000.0,0.188,10336000000.0,3535000000.0,4064000000.0,18000000000.0,10309000000.0,6245000000.0,-2022000000.0,2022000000.0,,3556924000.0,3535000000.0,23658000000.0,5370000000.0,1080981595.0,1075000000.0,3.26,3.28,3524000000.0,3524000000.0,3535000000.0,3428000000.0,3428000000.0,795000000.0,4223000000.0,624000000.0,500000000.0,-2022000000.0,2022000000.0,,5621000000.0,5257000000.0,,,10878000000.0,18401000000.0,29279000000.0,28547000000.0,-27000000.0,-27000000.0,-27000000.0,251000000.0,,,,,-224000000.0,151000000.0,,183000000.0,,,107000000.0,0.0,,,,,,3663000000.0,3663000000.0,,,1411000000.0,11000000.0,57000000.0,,,,,,,,,,,,
SO,2021-12-31,19552000.0,0.104,8198000000.0,2408000000.0,3973000000.0,12458000000.0,8386000000.0,4413000000.0,-1837000000.0,1837000000.0,,2239552000.0,2408000000.0,19413000000.0,3698000000.0,1061000000.0,1061000000.0,2.26,2.26,2393000000.0,2393000000.0,2408000000.0,2309000000.0,2309000000.0,267000000.0,2576000000.0,713000000.0,449000000.0,-1837000000.0,1837000000.0,,3700000000.0,6547000000.0,,,10247000000.0,12866000000.0,23113000000.0,22405000000.0,188000000.0,188000000.0,188000000.0,2000000.0,,,,,-190000000.0,76000000.0,,1692000000.0,,,99000000.0,7000000.0,,,,,,3565000000.0,3565000000.0,,,1290000000.0,15000000.0,186000000.0,,,,,,,,,,,,
SO,2020-12-31,899313.501144,0.112414,9214000000.0,3134000000.0,3905000000.0,10091000000.0,9222000000.0,5317000000.0,-1821000000.0,1821000000.0,,3126899313.501144,3134000000.0,15555000000.0,4885000000.0,1058000000.0,1058000000.0,2.95,2.95,3119000000.0,3119000000.0,3134000000.0,3103000000.0,3103000000.0,393000000.0,3496000000.0,497000000.0,336000000.0,-1821000000.0,1821000000.0,,4820000000.0,5077000000.0,,,9897000000.0,10478000000.0,20375000000.0,19694000000.0,8000000.0,8000000.0,8000000.0,0.0,,,,,-149000000.0,153000000.0,,325000000.0,,,31000000.0,206000000.0,,,,,,3518000000.0,3518000000.0,,,1234000000.0,15000000.0,65000000.0,,,,,,,,,,,,
SO,2019-12-31,,,,,,,,,,,,,,,,,,,,,,,,,,,,,,,,,,,,,,,,,,,,,,,,,,,,,,,0.0,,,,,,,,,,,15000000.0,2569000000.0,,,,,,,,,,,,
REGN,2023-12-31,-25771200.0,0.059,5130100000.0,3953600000.0,421000000.0,1815800000.0,4693300000.0,4272300000.0,422900000.0,73000000.0,495900000.0,4364628800.0,3953600000.0,8884000000.0,4047100000.0,113700000.0,106700000.0,34.77,37.05,3953600000.0,3953600000.0,3953600000.0,3953600000.0,3953600000.0,245700000.0,4199300000.0,-456800000.0,-20000000.0,422900000.0,73000000.0,495900000.0,4233200000.0,7068200000.0,4439000000.0,2631300000.0,11301400000.0,1815800000.0,13117200000.0,12581100000.0,-436800000.0,-436800000.0,-186100000.0,,-250700000.0,,,,186100000.0,,,-2100000.0,186100000.0,,,,,,,,,,,,,,,,,,,,,,,,,,,
REGN,2022-12-31,-26182900.0,0.107,5504300000.0,4338400000.0,341400000.0,1560400000.0,5259600000.0,4918200000.0,100700000.0,59400000.0,160100000.0,4556917100.0,4338400000.0,7178900000.0,4738900000.0,113500000.0,107100000.0,38.22,40.51,4338400000.0,4338400000.0,4338400000.0,4338400000.0,4338400000.0,520400000.0,4858800000.0,-235900000.0,8800000.0,100700000.0,59400000.0,160100000.0,4994000000.0,5618500000.0,3592500000.0,2115900000.0,10612500000.0,1560400000.0,12172900000.0,11807800000.0,-244700000.0,-244700000.0,-255100000.0,,10400000.0,,,,255100000.0,,,-89900000.0,255100000.0,,,,,,,,,,,,,,,,,,,,,,,,,,,
REGN,2021-12-31,45359000.0,0.134,9330800000.0,8075300000.0,286200000.0,2437500000.0,9669300000.0,9383100000.0,-11500000.0,57300000.0,45800000.0,7782159000.0,8075300000.0,7076900000.0,8946800000.0,112200002.0,105700002.0,71.969999,76.399998,8075300000.0,8075300000.0,8075300000.0,8075300000.0,8075300000.0,1250500000.0,9325800000.0,342500000.0,4000000.0,-11500000.0,57300000.0,45800000.0,8994800000.0,4639400000.0,2860100000.0,1824900000.0,13634200000.0,2437500000.0,16071700000.0,15790500000.0,338500000.0,338500000.0,-48000000.0,,386500000.0,,,,48000000.0,,,-45600000.0,48000000.0,,,,,,,,,,,,,,,,,,,,,,,,,,,
REGN,2020-12-31,0.0,0.078,4103200000.0,3513200000.0,235900000.0,1119900000.0,4103200000.0,3867300000.0,-56900000.0,56900000.0,,3513200000.0,3513200000.0,4920500000.0,3576600000.0,115100002.0,107600002.0,30.519999,32.649999,3513200000.0,3513200000.0,3513200000.0,3513200000.0,3513200000.0,297200000.0,3810400000.0,290700000.0,290700000.0,-56900000.0,56900000.0,,3576600000.0,3800600000.0,2735000000.0,1346000000.0,7377200000.0,1119900000.0,8497100000.0,7940100000.0,,,,,,,,,,,,-280400000.0,,,,,,,,,,,,,,,,,,,,,,,,,,,,
PGR,2023-12-31,0.0,0.2,,3902400000.0,299700000.0,,,5172100000.0,-268400000.0,268400000.0,,3902400000.0,3902400000.0,57178600000.0,,587500000.0,584900000.0,6.58,6.61,3864800000.0,3864800000.0,3902400000.0,3902400000.0,3902400000.0,1001300000.0,4903700000.0,,,-268400000.0,268400000.0,,,,,,,,62082300000.0,62082300000.0,0.0,0.0,0.0,,,,,,,,,,,,,0.0,45654600000.0,45654600000.0,,,,,,,,,37600000.0,,,,,,,,,,,,,
PGR,2022-12-31,-49456000.0,0.22,,721500000.0,336600000.0,,,1165600000.0,-243500000.0,243500000.0,,896844000.0,721500000.0,48664300000.0,,587100000.0,584400000.0,1.18,1.19,694600000.0,694600000.0,721500000.0,721500000.0,721500000.0,200600000.0,922100000.0,722100000.0,,-243500000.0,243500000.0,,,,,,,,49586400000.0,49586400000.0,-224800000.0,-224800000.0,-224800000.0,,,,,,,,,,,,,224800000.0,38122700000.0,38122700000.0,,,,,,,,,26900000.0,,,,,,,,,,,,,38122700000.0
PGR,2021-12-31,0.0,0.2,,3350900000.0,337400000.0,,,4428600000.0,-218600000.0,218600000.0,,3350900000.0,3350900000.0,43466500000.0,,587100000.0,584500000.0,5.66,5.69,3324000000.0,3324000000.0,3350900000.0,3350900000.0,3350900000.0,859100000.0,4210000000.0,691800000.0,,-218600000.0,218600000.0,,,,,,,,47676500000.0,47676500000.0,0.0,0.0,0.0,,,,,,,,,,,,0.0,0.0,33627600000.0,33627600000.0,,,,,,,,,26900000.0,,,,,,,,,,,,,33627600000.0
PGR,2020-12-31,0.0,0.2,,5704600000.0,331800000.0,,,7390200000.0,-217000000.0,217000000.0,,5704600000.0,5704600000.0,35464900000.0,,587600000.0,584900000.0,9.66,9.71,5677700000.0,5677700000.0,5704600000.0,5704600000.0,5704600000.0,1468600000.0,7173200000.0,603500000.0,,-217000000.0,217000000.0,,,,,,,,42638100000.0,42638100000.0,0.0,0.0,0.0,,,,,,,,,,,,0.0,0.0,25121800000.0,25121800000.0,,,,,,,,,26900000.0,,,,,,,,,,,,,25121800000.0
PGR,2019-12-31,,,,,,,,,,,,,,,,,,,,,,,,,,,563700000.0,,,,,,,,178900000.0,,,,,,,,,,,178900000.0,,,,,178900000.0,,,-9700000.0,,,,,,,,,,178900000.0,,,,,,,,,,,,,,,25470500000.0
HUM,2023-12-31,0.0,0.252,,2489000000.0,917000000.0,,,3876000000.0,-493000000.0,493000000.0,,2489000000.0,2489000000.0,102991000000.0,,124441000.0,123866000.0,20.0,20.09,2489000000.0,2489000000.0,2489000000.0,2484000000.0,2484000000.0,836000000.0,3383000000.0,,,-493000000.0,493000000.0,,,,,,,,106374000000.0,106374000000.0,0.0,0.0,0.0,,,,,,,,-63000000.0,13325000000.0,,,5000000.0,,88394000000.0,88394000000.0,,,,,779000000.0,,,,,,,,,,,,,,,,,
HUM,2022-12-31,50718000.0,0.214,,2806000000.0,845000000.0,,,3969000000.0,-401000000.0,401000000.0,,2619718000.0,2806000000.0,89302000000.0,,127094000.0,126419000.0,22.08,22.2,2806000000.0,2806000000.0,2806000000.0,2802000000.0,2802000000.0,762000000.0,3568000000.0,,,-401000000.0,401000000.0,,,,,,,,92870000000.0,92870000000.0,237000000.0,237000000.0,237000000.0,,,,,,-237000000.0,,-4000000.0,12739000000.0,,,4000000.0,,75690000000.0,75690000000.0,,,,,709000000.0,,,,,,,,,,,,,,,,,
HUM,2021-12-31,0.0,0.144603,,2933000000.0,713000000.0,,,3680000000.0,-326000000.0,326000000.0,,2933000000.0,2933000000.0,79710000000.0,,129395998.0,128687998.0,22.67,22.79,2933000000.0,2933000000.0,2933000000.0,2934000000.0,2934000000.0,485000000.0,3354000000.0,,,-326000000.0,326000000.0,,,,,,,,83064000000.0,83064000000.0,0.0,0.0,0.0,,,,,,,,65000000.0,9589000000.0,,,-1000000.0,,69199000000.0,69199000000.0,,,,,596000000.0,,,,,,,,,,,,,,,,,
HUM,2020-12-31,0.0,0.28413,,3367000000.0,616000000.0,,,4883000000.0,-283000000.0,283000000.0,,3367000000.0,3367000000.0,72555000000.0,,133011998.0,132198998.0,25.31,25.47,3367000000.0,3367000000.0,3367000000.0,3367000000.0,3367000000.0,1307000000.0,4600000000.0,,,-283000000.0,283000000.0,,,,,10052000000.0,,,77155000000.0,77155000000.0,0.0,0.0,0.0,,,,,,,,74000000.0,10155000000.0,,,0.0,,61628000000.0,61628000000.0,,,,,489000000.0,,,,,,,,,,,,,,,,,
HUM,2019-12-31,,,,,,,,,,,,,,,,,,,,,,,,,,,,,,,,,,,7381000000.0,,,,,,,,,,,,,,,,,0.0,,,,,,,,,,,,,,,,,,,,,,,,,,,
PSA,2023-12-31,-287369.906874,0.004984,3399782000.0,2148327000.0,970056000.0,1147946000.0,3342129000.0,2372073000.0,-136313000.0,201132000.0,64819000.0,2205692630.093126,2148327000.0,2198634000.0,,176143000.0,175472000.0,11.06,11.11,1948741000.0,1948741000.0,2148327000.0,2160120000.0,2160120000.0,10821000.0,2170941000.0,-11802000.0,17954000.0,-136313000.0,201132000.0,64819000.0,2319056000.0,1050688000.0,,80632000.0,3369744000.0,1147946000.0,4517690000.0,4517690000.0,-57653000.0,-57653000.0,-26451000.0,,-31202000.0,,80632000.0,55233000.0,,27897000.0,,,26451000.0,,-11793000.0,,,,,4883000.0,,970056000.0,970056000.0,,25399000.0,,194703000.0,0.0,,,,,,,,,,,,
PSA,2022-12-31,7209824.560106,0.00327,3200447000.0,4349147000.0,888146000.0,1052907000.0,5405065000.0,4516919000.0,-115495000.0,136319000.0,20824000.0,2151738824.560106,4349147000.0,2012725000.0,,176280000.0,175257000.0,23.5,23.64,4142288000.0,4142288000.0,4349147000.0,4366274000.0,4366274000.0,14326000.0,4380600000.0,2326657000.0,15058000.0,-115495000.0,136319000.0,20824000.0,2169438000.0,959818000.0,17540000.0,71672000.0,3129256000.0,1052907000.0,4182163000.0,4182163000.0,2204618000.0,2204618000.0,2100116000.0,,104502000.0,,71672000.0,45011000.0,,106981000.0,,,28744000.0,,-17127000.0,,,,,12469000.0,,888146000.0,888146000.0,,26661000.0,16086000.0,194390000.0,2128860000.0,1503000.0,,,,,,,,,,,
PSA,2021-12-31,705700.219168,0.00627,2663659000.0,1953263000.0,713428000.0,920598000.0,2776206000.0,2062778000.0,-78468000.0,90774000.0,12306000.0,1841421700.219168,1953263000.0,1709992000.0,,175568000.0,174858000.0,9.87,9.91,1732444000.0,1732444000.0,1953263000.0,1959639000.0,1959639000.0,12365000.0,1972004000.0,344640000.0,12205000.0,-78468000.0,90774000.0,12306000.0,1705832000.0,789394000.0,8403000.0,75966000.0,2495226000.0,920598000.0,3415824000.0,3415824000.0,112547000.0,112547000.0,-12923000.0,,125470000.0,,75966000.0,42237000.0,,232093000.0,,,12923000.0,,-6376000.0,,,,,5326000.0,,713428000.0,713428000.0,,33729000.0,11530000.0,215493000.0,0.0,13683000.0,,,,,,,,,,,
PSA,2020-12-31,-26044200.0,0.27,2067227000.0,1357213000.0,553257000.0,867462000.0,1970767000.0,1417510000.0,-33960000.0,56283000.0,22323000.0,1427628800.0,1357213000.0,1503918000.0,,174642000.0,174494000.0,6.29,6.29,1098335000.0,1098335000.0,1357213000.0,1361227000.0,1361227000.0,,1361227000.0,-15963000.0,,-33960000.0,56283000.0,22323000.0,1411150000.0,636456000.0,10839000.0,64043000.0,2047606000.0,867462000.0,2915068000.0,2915068000.0,-96460000.0,-96460000.0,,,-96460000.0,,64043000.0,45457000.0,,80497000.0,,,,,-4014000.0,,,,,3545000.0,,553257000.0,553257000.0,,18586000.0,8317000.0,255333000.0,,,,,,,,,,,,,
PSA,2019-12-31,,,,,,,,,,,,,,,,,,,,,,,,,,,,,,,,,,6850000.0,,,,,,,,0.0,,,,,,,,,,,,,,,,,,,,,,,5081000.0,,,,,,,,,,,,,,
